2858 4714
269 299 279 316 ·
329 253 336 364 ζ
444 219 618 350 ’000-
635 227 824 356 ernslr.
1117 270 1179 346 ris

125 471 179 517 res
202 443 286 512 illud
302 463 373 508 esse
389 442 485 510 nicht
500 443 649 516 ez‘nmol.
672 442 738 508 boe
755 441 829 508 und
852 462 949 508 swor
972 440 1085 513 01011.
1106 441 1180 508 und

126 553 222 600 swas·
250 530 340 596 auca
365 529 471 598 nicht.
514 531 573 608 His
599 530 764 594 contraria
788 526 982 595 Waltherus
1009 527 1051 594 ad
1072 529 1180 595 Tacit.

125 621 210 685 Hist.
230 623 260 697 1,
271 621 324 682 66.
344 626 375 680 et
390 618 477 681 Anu.
493 616 525 698 4,
540 618 611 682 Sd:
634 638 696 681 uec
717 612 856 703 quidem
878 637 948 680 esse
974 615 1062 679 areoli
1085 616 1181 680 nieht

127 703 276 784 einmsl,
309 711 341 764 et
363 703 493 788 gravius
516 725 640 791 negare
660 723 758 787 quam
781 698 1045 789 rae-quidem.
1090 703 1182 766 Goc-
1223 707 1226 714 ’

127 791 258 858 renzius
276 787 317 852 ad
334 787 402 851 Cic.
420 788 517 852 Acad.
536 796 567 853 2.
585 811 619 876 p.
633 792 704 851 152.
723 786 943 852 diversitatem
960 786 1103 888 agnouit,
1123 788 1182 852 sed

129 875 265 966 quidem
280 895 351 939 esse
371 873 455 937 dixit
469 897 572 940 sane:
596 873 684 960 quod
700 872 845 938 alienum
861 882 921 938 cst.

210 1026 415 1110 Principium
441 1025 641 1113 quaestionis
663 1024 699 1090 in
722 1046 762 1089 eo
787 1025 936 1112 positum
962 1025 1112 1107 videtur,
1141 1033 1181 1091 ut

129 1111 379 1177 demonstretur
405 1135 466 1177 rrec
487 1149 531 1162 —-
559 1109 696 1199 quidem
728 1122 817 1176 recte
843 1113 907 1176 dici
931 1134 993 1200 pro
1018 1123 1052 1179 et
1071 1134 1116 1176 ne
1136 1148 1181 1162 -

131 1195 290 1286 quidemr
320 1199 410 1284 quod
435 1219 518 1263 0000
538 1196 720 1262 Beneckius
744 1197 784 1260 ad
808 1197 924 1261 lustin.
947 1220 982 1285 p.
1008 1201 1081 1262 120.
1107 1196 1182 1262 for-

130 1285 207 1348 titer
232 1286 364 1371 negavit
393 1289 491 1370 atque
513 1291 576 1348 'nec
611 1303 673 1370 pro
698 1292 730 1346 et
752 1305 840 1358 non,
866 1283 973 1346 etiarm
995 1284 1182 1371 0000001-

50 1440 68 1450 ,
131 1379 203 1434 tum
232 1370 369 1435 censuit.
422 1367 539 1452 Qualis
564 1391 643 1434 vero
673 1365 755 1431 fides
779 1369 837 1447 iis,
869 1388 951 1454 quae
976 1367 1016 1431 de
1038 1369 1183 1456 antiquis

131 1455 224 1521 libris
258 1465 453 1532 narrantur,
499 1453 647 1519 habenda
681 1453 741 1534 011,
779 1451 949 1518 luculento
981 1454 1182 1519 documento

134 1551 301 1608 monstrat
325 1539 395 1606 Liv.
418 1547 471 1621 31,
486 1543 536 1616 31,
559 1545 611 1605 10.
643 1537 700 1603 ubi
726 1559 830 1631 quum
854 1538 1026 1604 Bekkerus
1048 1537 1185 1604 dixisset

135 1645 251 1690 omnes
294 1625 422 1690 codices
452 1625 610 1714 praebere
646 1647 708 1689 nec
745 1625 799 1690 vel
830 1647 936 1712 neque
965 1661 1009 1676 -
1038 1624 1186 1712 quidem,

134 1733 222 1778 nuno
237 1703 449 1800 Kreyssigius
472 1736 503 1800 p.
524 1715 595 1776 143.
622 1719 776 1791 testatur,
798 1711 831 1775 in
861 1712 937 1775 eod.
956 1709 1186 1798 bambergensi

135 1798 297 1884 scriptum
317 1806 385 1862 esse
410 1821 464 1862 ne.
508 1796 545 1861 ln
567 1796 716 1884 plurimis
733 1795 821 1860 enim
838 1795 930 1863 libris
947 1799 1185 1881 compendium

136 1906 178 1948 nc
202 1893 234 1946 01
255 1907 298 1947 ne
325 1881 429 1947 oculis
461 1883 515 1948 vix
547 1881 700 1968 distingui
731 1892 882 1970 possunt.
934 1881 1046 1963 Quare
1075 1883 1111 1947 in
1142 1883 1182 1946 iis

137 1962 374 2056 scriptoribus,
396 1989 542 2055 quorum
559 1968 681 2055 scripta
699 1989 766 2030 000
781 1967 923 2053 antiquis
942 1967 1186 2058 exemplaribus

137 2059 286 2138 exstant,
320 2073 453 2140 semper
475 2052 620 2118 manebit
654 2053 865 2118 dubitationis
894 2075 1017 2120 caussa.
1069 2049 1187 2141 Neque

136 2151 269 2210 tantum
288 2140 320 2204 in
338 2141 457 2204 coniun
477 2140 574 2222 endis
591 2138 778 2217 sententiis,
800 2139 973 2205 sedetiam
994 2139 1085 2205 iniis
1111 2162 1186 2205 me·

139 2225 200 2290 diis
218 2163 594 2292 substitueruntlibrarii
612 2246 709 2288 suum
725 2248 804 2288 nec:
832 2223 875 2290 cf.
899 2226 968 2291 Cic.
997 2227 1038 2290 de
1061 2225 1128 2290 off.
1153 2232 1186 2306 ’1,

140 2313 262 2391 15‚28.
297 2333 331 2398 p.
349 2309 505 2387 Arch.s5‚
530 2317 582 2375 10.
614 2309 670 2374 ubi
703 2310 832 2374 codices
860 2309 1027 2377 inferioris
1059 2310 1187 2376 ordinis
1243 2349 1250 2369 t
1311 2347 1314 2356 ,

139 2405 271 2477 servant
285 2419 349 2462 ue.-
367 2419 464 2483 saepe
481 2397 577 2461 etiarn
595 2394 732 2482 quidem
746 2394 950 2476 adiecerunt,
966 2397 1109 2484 simplici
1124 2419 1186 2461 neo
1264 2471 1267 2480 Ι

138 2503 209 2546 000
233 2483 390 2547 00010011.
434 2480 564 2548 01010.
588 2481 814 2557 deortui,
836 2487 886 2546 17.
929 2483 1098 2547 Praeterea
1125 2505 1187 2546 ne·
1258 2531 1262 2534 -

113 2643 114 2648 η
141 2589 232 2632 00000
247 2578 312 2645 001,
337 2579 460 2632 veteres
475 2569 652 2654 scriptores
670 2588 877 2638 secernamus
900 2589 916 2629 a
936 2566 1188 2645 recentioribus,

140 2657 198 2740 qui
215 2654 254 2717 sd
271 2651 363 2718 illum
382 2675 477 2719 usum
498 2653 587 2718 verbi
605 2675 666 2716 nee
681 2651 821 2738 propius
846 2652 1062 2733 accedebant,
1087 2674 1189 2738 quem

142 2739 231 2825 apud
250 2739 494 2822 recentissimos·
516 2747 728 2836 pervagatum
754 2737 911 2802 videmus.
954 2737 1004 2802 De
1026 2739 1189 2803 veteribus
1301 2793 1303 2798 .

140 2824 205 2889 hoc
228 2824 360 2910 quidem
387 2834 533 2890 coastat:
570 2822 626 2888 ubr
652 2821 888 2910 exprimendus
911 2833 979 2888 erat
1003 2824 1189 2912 negationis

120 2949 128 2980 ,1
143 2909 337 2990 adscensus,
366 2921 491 2974 veteres
513 2932 583 2974 non
602 2908 711 2973 modo
733 2909 767 2973 in
793 2908 901 2974 medie
931 2909 1101 2986 oratione,
1131 2910 1190 2975 sed
1231 2977 1238 2995 x

142 2997 240 3060 etiam
262 2996 297 3059 10
323 2994 530 3084 adiungenda
557 2994 716 3060 sententia
743 2993 897 3058 dixerunt
916 3017 959 3060 rre
974 3032 1018 3044 —
1034 2993 1191 3083 quidem.-

141 3101 219 3145 nam
249 3103 291 3146 ne
315 3084 412 3145 etiam
440 3081 474 3145 in
500 3081 570 3146 aliis
596 3079 765 3145 sententiis
787 3079 942 3144 addendis
967 3105 1035 3146 non
1067 3082 1192 3146 inserta

144 3166 262 3254 copula
279 3187 341 3254 pro
359 3189 424 3253 neu
441 3167 551 3230 locum
569 3166 735 3243 obtinere,
757 3165 790 3230 id
815 3167 880 3232 iam
908 3168 1048 3252 exposui
1071 3191 1104 3256 p.
1119 3168 1198 3234 55.s

143 3271 345 3340 quamquam
375 3251 499 3317 librarii
516 3251 720 3339 'plerumque
751 3250 826 3315 ideo
855 3251 1096 3318 substituerunt
1119 3276 1191 3334 aec,

142 3347 182 3402 ut
195 3347 364 3401 necterent
381 3338 580 3403 orationem.
625 3336 688 3401 Sed
707 3335 852 3412 Florum,
870 3338 1078 3414 Suetonium,
1092 3336 1191 3404 lusti-

142 3443 242 3499 num,
267 3423 376 3508 etqui
401 3433 477 3508 post
489 3445 548 3488 eos
572 3424 744 3502 vixerunt,
769 3445 831 3488 nec
848 3437 923 3487 cum
947 3423 1085 3512 quidem
1107 3446 1191 3489 con-

12 3567 13 3592 ,
142 3506 308 3586 iunxisse,
330 3508 411 3572 adeo
428 3509 464 3572 in
479 3507 586 3573 media
602 3509 769 3586 oratione,
792 3520 893 3572 nemo
910 3509 944 3572 10
964 3510 1102 3575 dubium
1128 3531 1191 3574 vo-

12 3653 14 3674 ,
116 3659 121 3662 ,
145 3592 251 3672 cnbit,
275 3593 330 3657 ubi
347 3595 547 3680 reputaverit
562 3594 620 3659 illo
636 3593 766 3659 saeculo
781 3613 842 3658 nec
863 3617 927 3681 pro
948 3606 980 3658 et
1000 3618 1060 3669 ne,
1084 3595 1192 3660 etiam
1257 3593 1261 3599 ’

12 3679 13 3718 l
144 3701 189 3743 ne
215 3687 386 3767 acceptum
409 3702 491 3745 esse.
549 3679 613 3744 Sed
638 3703 679 3746 00
703 3679 743 3744 ab
769 3677 826 3756 hia,
846 3680 979 3767 quidem
1002 3679 1192 3746 auctoribus

145 3763 302 3830 omnibus
322 3775 411 3830 certa
427 3766 613 3831 testimonia
628 3767 693 3854 peti
718 3764 871 3851 possunt.
915 3765 1000 3829 Nam
1026 3765 1061 3830 in
1084 3764 1192 3831 Colu-

143 3850 264 3914 mellas
296 3851 389 3916 libris
415 3851 537 3916 multos
561 3849 652 3915 locos
681 3851 840 3916 codicum
856 3851 1050 3917 auctoritate
1075 3855 1215 3920 emen?

146 3934 218 4002 dari
235 3934 368 4013 debere,
391 3936 587 4002 monstravit
603 3932 859 4001 Drakenborch.
875 3935 917 4000 ad
939 3936 1008 4002 Lir.
1027 3944 1056 4010 1,
1073 3943 1125 4017 10,
1140 3944 1191 4004 &a

144 4019 181 4085 in
205 4020 297 4096 libris
326 4021 447 4088 Valerii
471 4020 629 4102 Maximi,
659 4021 835 4108 inquibus
860 4021 1045 4094 Torrenius
1078 4025 1194 4090 omni-

148 4105 209 4174 bns
227 4106 297 4176 fere
316 4107 397 4176 locis
414 4099 1080 4198 0000000011,80000010010011.Β1111.0.
1097 4113 1193 4179 1819.

999 4419 1163 4478 &tl
