2830 4712
255 304 298 368 to
587 373 589 385 ,
741 302 813 370 ΝΕ.

258 473 302 537 tia
329 473 361 536 in
384 472 521 536 recinant
543 495 603 542 ue.
629 493 700 537 nnn
717 473 803 537 ‘sunt
827 469 1028 560 probabilia„
1060 493 1167 558 neque
1189 475 1310 542 rnniori

258 559 289 624 vi
305 559 372 622 hoe
393 558 488 622 distin
515 559 604 622 uitur
625 559 712 643 apud
738 571 861 624 veteres
881 561 1016 645 quidem
1035 559 1190 624 Latinos.-
1211 583 1311 648 quare

257 645 408 744 Donatus
424 643 464 707 od
514 654 617 708 erent.
641 644 774 711 Phorm.
796 649 833 726 1,
852 651 892 727 8,
910 647 942 710 5.
966 654 1060 710 vocnt
1077 657 1220 710 veterem
1242 647 1274 712 el
1293 684 1311 696 -

258 741 439 795 cottonem.

372 868 475 922 Ennius
492 870 564 937 apud
579 871 715 924 Donatum
734 870 753 922 1.
767 869 788 922 t:
806 872 909 924 utinam
922 885 952 921 ne
967 868 994 919 iu
1007 885 1113 921 nemore
1130 853 1199 922 Pelii
1214 871 1310 924 recorri-

326 953 461 1005 biremem
484 956 612 1007 cecidisset
626 955 740 1024 abiegno
762 955 798 1006 od
820 962 920 1008 terrum
939 954 1032 1006 trebes.
1067 953 1179 1006 Terent.
1197 956 1310 1010 Phorm.

328 1038 355 1101 1,
373 1037 400 1102 3,
416 1037 442 1090 5.
469 1039 535 1106 quod
546 1041 657 1106 ‚utinam
672 1055 705 1092 ne
718 1039 872 1090 Phormioni
893 1039 923 1090 id
943 1039 1050 1090 suadere
1072 1039 1101 1089 in
1116 1045 1227 1093 mentem
1245 1043 1312 1096 inci·

328 1123 423 1187 diceet,
442 1141 491 1175 nco
514 1140 554 1175 me
577 1123 698 1192 cupidum
720 1140 748 1174 eo
769 1123 920 1192 impulisset.
956 1122 1013 1175 Cic.
1029 1121 1063 1175 ad
1080 1123 1159 1177 Fam.
1179 1122 1206 1188 5,
1222 1123 1265 1191 11,
1284 1125 1311 1178 6.

248 1213 254 1220 '
326 1207 392 1258 struo
406 1208 508 1260 utinam
523 1224 556 1260 ne
570 1225 626 1260 cere
640 1207 782 1260 scriberem.

373 1307 432 1361 cto.
450 1309 485 1361 nrt
501 1309 556 1362 nrt.
570 1309 654 1378 11,“9.
671 1311 735 1363 hoec
747 1309 783 1361 od
797 1314 822 1361 te
840 1307 884 1360 die
898 1307 983 1359 notoli
998 1324 1052 1361 meo
1065 1309 1175 1378 scripsi:
1192 1327 1242 1379 quo
1255 1312 1312 1375 ntiss

246 1381 254 1393 f
328 1388 390 1444 riom
406 1401 538 1463 reseptos
553 1411 605 1446 non
619 1411 706 1457 essem,
727 1400 773 1445 out
788 1410 821 1445 ne
836 1393 898 1460 qnid
914 1393 1045 1444 excurtem
1057 1401 1141 1446 matre
1155 1403 1246 1462 postea
1259 1413 1312 1447 uo-

323 1463 383 1540 tum
396 1486 467 1531 ercet.
499 1479 533 1531 ad
545 1478 637 1545 Quint.
652 1479 687 1531 ir.
700 1478 726 1542 1,
739 1468 767 1528 8.
785 1482 854 1528 extr.
873 1477 917 1528 sert
931 1477 994 1528 hoec
1007 1477 1107 1528 utinam
1121 1495 1173 1529 non
1189 1480 1313 1547 reperiu-

323 1577 362 1612 re.
397 1560 443 1612 ubi
460 1579 542 1629 quum
557 1581 608 1614 non
623 1563 695 1616 absit
710 1579 727 1614 a
742 1559 835 1613 codice
852 1557 985 1622 mediceo,
1002 1558 1087 1611 dubia
1100 1559 1210 1613 videtur
1223 1578 1313 1628 quoe-

328 1641 391 1695 stio.
427 1644 542 1711 Quintil.
564 1646 590 1710 l,
606 1645 633 1711 2,
648 1645 675 1698 6.
698 1647 801 1699 utinam
825 1633 962 1696 liberorum
982 1635 1128 1696 nostrornm
1150 1661 1234 1698 morea
1256 1665 1313 1700 non

327 1727 377 1796 ipsi
390 1729 565 1798 perderemur.
580 1748 584 1759 ·
774 1719 795 1738 “

460 1807 468 1838 t
961 1839 967 1846 .
1030 1845 1032 1849 .

307 1915 308 1918 ¹
346 1890 385 1955 ll.
416 1897 444 1956 1.
462 1889 538 1978 Ne,
561 1881 650 1978 duod
666 1892 837 1982 notionem
854 1890 988 1956 alicuius
1013 1893 1060 1968 rei
1080 1895 1122 1956 ita
1149 1891 1252 1972 toltit,
1275 1882 1313 1958 rit

223 1988 239 2061 ‚¹-
261 1999 303 2040 ne
326 1977 489 2062 cogitetur
504 1979 637 2064 quidem
655 1999 722 2042 esse
739 2000 827 2056 rem,
852 1987 966 2065 aptum
984 1987 1052 2041 erat
1071 1979 1223 2045 etiamad
1250 2003 1315 2044 ne·
1339 2013 1341 2022 =

260 2062 405 2146 gandam
420 2073 526 2127 totam
543 2064 687 2151 aliquam
710 2063 926 2138 sententiam,
951 2085 1068 2128 cavens
1088 2085 1129 2128 ne
1146 2065 1315 2150 cogitare-

259 2158 316 2218 tur
336 2149 493 2214 exsistere
516 2149 565 2214 vel
583 2172 652 2213 esse
671 2148 722 2229 id,
746 2149 834 2235 quod
852 2148 1037 2223 dicebatur:
1064 2149 1204 2234 ideoque
1223 2147 1315 2216 facta

260 2243 311 2298 est
333 2235 521 2300 coniunctio
545 2235 713 2298 sententiis
738 2233 991 2322 interponenda.
1026 2231 1181 2318 ,Tantum
1214 2235 1317 2320 igitur
1399 2243 1400 2260 ¹

260 2320 362 2398 abest,
379 2330 497 2384 utrum
515 2320 711 2407 quibusdam
729 2321 951 2406 grammaticis
966 2320 1124 2398 dieamus,
1139 2323 1325 2389 neomissa.
1399 2327 1400 2331 ’

260 2406 362 2469 altera
387 2406 549 2492 porticula
568 2407 650 2494 poni
673 2418 794 2492 prout
816 2430 877 2487 ne,
897 2417 934 2470 ut
960 2417 1115 2492 putemus
1135 2428 1179 2482 ue
1197 2405 1256 2493 per
1278 2431 1316 2473 se

261 2494 360 2557 etiem
385 2493 420 2556 in
435 2491 499 2556 hoc
523 2513 584 2556 usu
607 2501 706 2556 stare:
746 2491 861 2577 Neque
881 2493 969 2556 enini
994 2491 1175 2577 respondet
1192 2513 1314 2576 graeco

107 2573 109 2586 '
179 2649 185 2658 ¹
259 2573 371 2658 ἵναμὴ,
392 2599 538 2666 quocum
552 2577 899 2665 eomparotCharisios
911 2601 943 2662 p.
953 2581 1027 2642 202.
1038 2574 1093 2640 sed
1104 2577 1246 2665 simplici
1261 2579 1315 2661 μὴ,

261 2683 328 2750 quo
345 2665 392 2745 is,
414 2663 471 2750 qui
488 2665 654 2752 loquitur,
678 2673 785 2742 caret,
810 2685 852 2728 ne
868 2664 1065 2750 cogitatione
1081 2674 1225 2750 ponatur
1241 2687 1315 2730 esse
1398 2685 1399 2717 ³

259 2771 345 2814 rem.
387 2749 435 2814 lta
455 2749 504 2828 fit,
527 2761 563 2813 ut
584 2773 627 2816 ne
643 2751 780 2835 recipiat
804 2750 869 2814 vim
888 2747 1141 2836 prohibitivum.
1167 2771 1231 2837 qua
1248 2751 1315 2813 ati-

261 2835 342 2922 quid
362 2835 491 2898 tollitur
517 2835 566 2900 vel
587 2846 796 2900 removetur:
828 2857 889 2898 nee
914 2857 964 2899 res
987 2835 1178 2920 respicitur,
1204 2837 1314 2920 quatis

259 2943 327 2983 non
347 2921 407 2996 sit,
429 2919 486 2984 sed
505 2931 540 2984 ut
557 2943 594 2986 eo
617 2921 759 2992 nonsit,
784 2917 822 2982 fit
838 2919 1039 3012 cogitatione
1055 2917 1178 2985 effecti.
1210 2923 1313 2988 Conf.

259 3005 413 3076 Tom.2,
439 3029 472 3092 p.
492 3011 542 3070 16.
591 3003 756 3071 Nimirum
790 3004 822 3067 in
855 3007 956 3070 rebus
980 3003 1158 3070 efficiendis
1183 3005 1314 3094 duplex

261 3100 399 3176 apparet
419 3112 549 3162 caussa,
575 3091 692 3164 attero,
713 3111 776 3176 qua
799 3089 964 3170 efficitur,
984 3100 1026 3153 -ut
1043 3112 1095 3154 res
1108 3093 1159 3156 'sit
1175 3091 1312 3176 aliquid,

261 3179 381 3253 attera,
405 3197 469 3261 qua
486 3175 646 3255 efficitur,
670 3185 706 3238 ut
717 3176 758 3238 sit
773 3199 842 3240 res:
867 3187 964 3262 atque
976 3175 1015 3246 ‚in
1029 3178 1312 3264 negatione-ittam

185 3347 191 3356 ,
260 3261 469 3350 designemus
486 3260 689 3348 interpositis
711 3261 877 3326 vocabulis
891 3274 930 3326 ot
947 3284 1035 3349 nou,
1055 3261 1141 3326 hone
1158 3286 1291 3350 perne.

877 3372 886 3386 ‘
1136 3367 1145 3402 l

293 3405 295 3409 ’
345 3421 375 3479 1.
404 3411 458 3479 Ne
480 3413 581 3500 igitur
605 3415 725 3501 indicat
747 3415 868 3502 aliquid
895 3410 1070 3503 negatione
1097 3415 1187 3492 nolti,
1218 3417 1312 3504 qnod

260 3499 311 3564 vel
327 3500 361 3564 in
382 3498 520 3563 consitio
539 3499 587 3564 vel
605 3501 637 3564 in
657 3502 815 3565 mandato
833 3500 883 3564 vet
901 3501 934 3564 in
958 3505 1039 3568 votis
1058 3514 1106 3566 est
1122 3503 1233 3566 situm.
1263 3503 1311 3568 Ea

260 3586 348 3650 enim
365 3607 442 3672 pars
457 3586 653 3666 sententiae,
677 3609 759 3674 quae
776 3588 1007 3672 coniungitur,
1029 3587 1154 3676 pendet
1178 3589 1310 3666 exalia,

260 3693 343 3759 quae
360 3681 414 3734 eut
431 3671 532 3736 animi
549 3671 751 3738 voluntatem
770 3681 825 3736 cut
843 3675 1006 3738 actionem
1033 3674 1074 3737 ati
1099 3695 1179 3738 uam
1200 3673 1310 3737 decta-

258 3766 310 3822 rat
327 3781 344 3822 e
362 3756 501 3822 consilio
520 3758 719 3844 prohibendi
737 3757 786 3822 vel
803 3758 1008 3843 impediendi.
1023 3697 1218 3846 prdiectnm.
1248 3763 1310 3822 At-

260 3839 414 3927 quenoe
441 3843 598 3908 omuibus
623 3843 821 3931 prohibendi
848 3843 952 3907 verbis
978 3865 1156 3910 commune
1182 3854 1246 3920 est,
1272 3857 1310 3908 ut

259 3949 328 3992 neon
352 3928 540 4011 qualitatem
566 3929 612 3992 rei
644 3939 792 4004 mutent,
823 3929 878 3992 sed
907 3951 978 3994 cam
1006 3933 1145 3994 omniuo
1178 3930 1309 3994 tollant.
1365 3923 1377 3948 ‘

257 4013 327 4078 Nos
352 4014 509 4079 Germani
531 4014 564 4079 id
588 4013 810 4100 significamus
836 4015 942 4078 verbis
965 4011 1077 4079 deurit
1108 4015 1220 4096 reiciet,
1252 4017 1310 4080 sed

258 4098 354 4165 etiam
372 4119 491 4187 parum
511 4100 662 4165 distincte
680 4100 785 4165 verbis
802 4096 882 4190 close
898 4099 1003 4167 nicici·
