2894 4716
165 283 169 291 .
248 260 321 328 ,,,,

316 432 364 486 eus
375 427 532 486 sosimus,
551 439 570 478 o
585 421 688 492 legiler
700 437 754 474 son
770 417 930 476 emiorum.
948 417 973 474 t.
998 430 1024 474 s.
1037 433 1091 472 non
1111 423 1155 474 est
1170 421 1243 494 qnod
1254 439 1300 476 re·

264 568 269 576 ,
319 513 458 571 eduntur.
484 506 576 562 Tacit.
593 507 667 560 Hist.
690 502 781 570 1,84‚
808 513 889 574 eaput
915 505 1058 573 imperiiet
1075 505 1169 560 duero
1185 510 1299 560 οιιιιιίιιιιι

313 597 512 672 prouinciarum
528 594 566 647 od
579 607 690 661 pomum
703 608 796 644 vocure
809 609 861 644 non
875 591 977 644 dereule
990 589 1047 652 tut,
1066 587 1128 658 qnos
1147 609 1227 658 quum
1241 602 1300 646 rno-

316 686 385 738 sime
406 679 524 732 Vitellius
539 679 568 731 in
582 677 706 740 nesciet,
728 675 854 732 Germani
868 677 991 728 audeant.
1026 673 1099 726 Ptin.
1125 675 1198 729 flist.
1212 695 1240 728 ιι.
1254 675 1298 741 24,

318 771 344 834 8,
358 768 400 820 32.
417 759 627 835 oirgnm·populi
648 759 678 811 in
694 777 775 814 moun
795 761 938 817 temnens
963 761 1105 830 intertrigo
1125 779 1179 814 oon
1198 769 1300 816 metuo·

318 863 371 910 tur.
395 851 449 904 Sed
466 849 515 903 ulii
531 844 599 898 libri
617 845 750 898 metuitur.

353 987 437 1050 Orid.¹
451 989 516 1042 Met.
539 985 584 1052 15,
606 983 665 1038 182.
686 985 757 1038 molo
776 1002 851 1054 posse
871 985 931 1055 pati
950 1004 1001 1038 non
1023 987 1079 1039 ullo
1097 988 1204 1057 putetis.
1232 987 1251 1040 i.
1272 1005 1297 1040 e.

318 1077 420 1152 putetis
440 1074 518 1127 nulle
539 1071 614 1124 melu
637 1069 693 1140 puli
714 1087 802 1138 posse.
830 1069 928 1122 Hurut.
949 1069 1034 1137 Epist.
1058 1071 1085 1136 1,
1112 1071 1161 1135 18,
1183 1073 1227 1124 72.
1247 1092 1297 1125 non

318 1165 415 1220 ancillo
431 1169 507 1214 tuum
523 1158 592 1210 ieeur
605 1158 697 1208 ulceret
707 1157 764 1208 uilo
779 1173 881 1222 puerve.
895 1153 913 1211 i.
930 1173 953 1206 e.
968 1157 1053 1209 nulle.
1077 1155 1184 1210 Tibuli.
1198 1159 1256 1224 2‚1,
1271 1159 1297 1212 9.
1325 1183 1327 1188 ·

316 1269 367 1304 non
386 1248 482 1300 undeet
497 1245 552 1296 ullo
572 1241 708 1305 lanificam
730 1237 816 1310 pensis
833 1241 983 1309 imposuisse
1005 1260 1119 1295 menum.
1364 1237 1367 1242 ¹

350 1397 451 1468 virgil.
466 1395 534 1458 den·
547 1383 591 1458 lt,
604 1391 648 1446 78.
666 1409 718 1446 non
733 1393 847 1444 Tenesne
869 1399 939 1460 egat
963 1391 992 1443 in
1012 1392 1139 1447 Rutulos:
1154 1421 1190 1434 -
1213 1405 1296 1450 nostro

316 1488 472 1542 dirimamus
493 1481 620 1549 sunguine
635 1480 738 1532 tellum.
767 1477 923 1543 Wagnerus
936 1477 1007 1529 bene
1022 1477 1159 1532 intellexit
1172 1481 1242 1532 haec
1255 1479 1296 1532 in-

318 1580 361 1628 ter
380 1555 408 1623 se
424 1567 525 1635 opponi
541 1573 570 1618 et
592 1583 644 1618 non
661 1563 727 1615 eddi
741 1561 789 1614 uni
808 1560 910 1614 nomini
930 1561 1111 1616 Teucrorum.
1135 1565 1215 1617 0rid.
1238 1563 1295 1616 Are

235 1679 238 1684 ¹
315 1675 370 1712 ιιιιι.
387 1655 414 1719 3,
428 1652 488 1706 133.
512 1649 648 1704 munditiis
669 1648 803 1714 sopimur.-
820 1663 873 1698 non
895 1646 950 1699 sint
969 1649 1024 1700 sine
1038 1650 1096 1718 lege
1118 1651 1214 1718 supitii.
1237 1649 1256 1700 ἰ.
1271 1667 1296 1702 0,

177 1723 182 1733 ¹
313 1743 429 1798 sednon
449 1737 508 1790 sine
526 1736 588 1803 lege
603 1733 657 1786 sint
672 1730 778 1798 unpitli.
799 1730 860 1784 Am.
879 1729 906 1796 ὃ,
919 1729 947 1796 9,
961 1730 1004 1784 tie.
1028 1741 1052 1785 st
1064 1734 1099 1786 ,ξι
1113 1735 1206 1786 pum,
1220 1735 1298 1788 mn·

317 1847 372 1882 nnn
389 1838 499 1879 oneroso
513 1828 569 1874 tuo.
582 1817 600 1870 i.
618 1833 643 1871 o.
657 1814 740 1868 levis.

349 1959 436 2016 Rutil.
456 1957 526 2024 Imp.
542 1953 569 2018 2,
584 1951 612 2010 9.
637 1956 792 2020 quapropter
806 1949 946 2020 prodigam
963 1951 990 2003 in
1011 1952 1106 2006 multos
1129 1953 1297 2024 largitionem

320 2043 492 2100 abstinentias
518 2038 688 2092 testimonium
708 2053 759 2086 non
781 2037 929 2090 credideris.
953 2037 1001 2088 ubi
1029 2037 1207 2092 ilnhnltenius
1230 2041 1296 2092 seri-

320 2131 439 2184 bendum
460 2117 565 2178 censuit
589 2140 629 2175 ne.
654 2119 706 2172 Sed
732 2119 808 2171 verbi
836 2125 877 2173 est
899 2121 1037 2190 optativus
1059 2123 1164 2176 modu„
1201 2124 1296 2178 senec·

318 2218 382 2274 Not.
402 2233 446 2283 qu.
468 2212 493 2278 1,
511 2210 537 2274 3,
558 2208 584 2262 ὃ.
602 2208 678 2260 isnirn
703 2207 741 2258 rei
764 2224 881 2258 rorensem
903 2209 930 2258 in
962 2210 1068 2262 irumore
1095 2228 1146 2262 esse
1174 2228 1225 2261 nnn
1248 2213 1298 2262 du.

321 2301 452 2356 licaveris.
494 2295 547 2349 Sed
574 2293 645 2364 quod
668 2289 778 2359 Lipsius
802 2290 912 2361 scripsit
939 2310 980 2358 ne,
1003 2293 1085 2346 etium
1107 2293 1136 2348 in
1158 2294 1297 2350 codicibus

320 2390 417 2440 exstat.
470 2429 487 2436 ,,

352 2508 480 2566 Davisius
495 2513 523 2562 et
538 2505 732 2562 Lnllemendus
745 2505 925 2558 vehementer
938 2506 1077 2572 seruirent,
1093 2523 1176 2575 quum
1193 2505 1222 2560 in
1239 2505 1296 2561 cte.

321 2599 407 2654 Tuos.
423 2598 449 2663 1,
463 2594 490 2661 8,
505 2594 548 2646 17.
562 2591 749 2662 recipiebant:
769 2593 838 2644 muln
851 2610 904 2643 nen
920 2609 1006 2661 roges.
1119 2639 1126 2654 ,

347 2750 447 2802 Horat.
461 2737 522 2802 nrt.
540 2765 558 2813 p
588 2743 649 2797 459.
667 2745 735 2804 licet,
754 2743 902 2806 succurrite,
927 2745 1159 2816 lengumelnmet,
1179 2747 1204 2798 io
1222 2747 1298 2806 eires,

315 2856 366 2892 non
378 2837 419 2899 sit,
438 2836 483 2902 qui
499 2835 586 2885 tollere
605 2837 684 2881 ruret.
718 2828 837 2880 Wolfius
851 2827 879 2880 in
894 2827 965 2880 Μιιι.
983 2830 1072 2898 Antio.
1094 2831 1129 2884 T.
1149 2832 1175 2899 1,
1197 2849 1223 2900 p.
1236 2829 1297 2883 582.

318 2918 458 2974 existimet
478 2929 584 2982 pnsnun
601 2914 693 2966 dicere
709 2929 760 2962 non
778 2912 812 2962 de
829 2929 871 2976 eo,
898 2915 968 2981 qnod
992 2915 1054 2968 tisri
1079 2916 1171 2984 possit,
1194 2917 1247 2969 sed*
1262 2917 1297 2968 de

318 3023 361 3066 en,
381 2999 454 3070 quud
468 2999 530 3050 tisri
545 2999 651 3064 debent.
686 2997 722 3050 nt
738 2998 869 3052 Horatius
884 3000 1005 3052 seribere
1022 3016 1076 3054 non
1091 3001 1180 3069 potuit
1201 3020 1235 3054 ne
1256 3003 1297 3068 sit,

217 3140 221 3146 ,
319 3090 364 3158 qui
384 3088 475 3138 tollere
498 3091 576 3136 curet.
602 3081 798 3136 coniunctivae
820 3100 870 3149 pro
893 3081 988 3137 futuro
1016 3088 1058 3138 est
1087 3086 1201 3154 positus.
1241 3087 1300 3140 Nos

253 3229 257 3236 ,
318 3167 467 3224 Germanis
484 3185 510 3220 so
527 3170 626 3220 misine
640 3168 696 3219 siole
710 3169 833 3220 uiemund
845 3170 947 3235 finden.
968 3167 1027 3226 sat.
1049 3170 1077 3236 2,
1098 3170 1124 3238 5,
1139 3171 1181 3228 90.
1200 3173 1301 3241 diffici-

320 3259 370 3311 lem
387 3265 412 3309 et
427 3271 558 3306 rnornsusn
575 3253 689 3320 offendes
704 3255 847 3322 garrulus:
864 3255 933 3308 ultro
952 3273 1003 3308 non
1017 3257 1096 3308 etium
1114 3260 1199 3311 sileas.
1234 3259 1299 3310 Alio

319 3339 402 3395 mndn
419 3337 532 3392 Ovidius
549 3337 716 3404 Tenens,
735 3338 778 3390 29.
797 3358 873 3408 pour,
901 3340 1017 3404 Perille,
1044 3349 1153 3394 melum:
1180 3353 1301 3396 tuntum-

264 3458 273 3483 r
319 3427 397 3481 modo
407 3424 513 3493 semino
529 3440 581 3474 nou
598 3425 631 3476 sit
647 3424 739 3490 devio,
758 3442 805 3475 nee
820 3426 922 3492 seriptis
935 3427 1018 3479 ‹lisent
1035 3445 1126 3480 umore
1140 3428 1199 3480 tuis.
1227 3410 1299 3486 Νιιιιι

318 3515 400 3579 poeto
415 3513 462 3561 out
480 3507 660 3576 inscripsit,
678 3512 726 3562 unt
749 3509 823 3578 quod
841 3509 996 3564 Gronovius
1023 3511 1100 3576 sidit,
1121 3515 1301 3564 tantummodo

315 3595 420 3665 semino
434 3595 676 3659 meritissimum
694 3596 797 3664 seriptis
809 3601 862 3647 etc.
880 3595 936 3648 Per
957 3603 1051 3650 votum
1067 3596 1195 3664 loquitur.
1213 3598 1299 3652 Trist.

318 3678 426 3746 4‚1,t.
444 3696 601 3748 enumquam
617 3681 666 3731 soli
678 3687 787 3760 possunt
799 3682 919 3749 prodesse
934 3689 1059 3752 potenter,
1080 3701 1134 3736 non
1153 3685 1237 3754 prosit
1250 3703 1300 3753 po·

319 3769 382 3830 tius,
399 3765 423 3817 si
443 3766 499 3834 quis
512 3767 596 3818 obesse
609 3773 703 3832 potest.
728 3764 829 3832 virgil.
846 3766 949 3837 Georg.
973 3767 997 3832 1,
1014 3765 1074 3820 453.
1097 3788 1145 3821 nnn
1168 3770 1215 3819 itio
1228 3769 1302 3838 quis-

319 3869 399 3918 quam
420 3866 461 3904 sne
477 3857 551 3902 noete
571 3866 619 3919 per
640 3851 723 3902 oltmn
745 3849 837 3902 ire-
858 3861 970 3905 moneat.
994 3853 1094 3907 floret.
1109 3854 1197 3921 Epod.
1214 3853 1239 3921 2,
1253 3852 1298 3906 53.

319 3931 375 3988 sed
389 3933 465 3986 Pers.
480 3935 505 3996 1,
519 3934 546 3986 5.
560 3951 623 3997 nou,
646 3935 669 3986 si
686 3935 748 4002 quid
764 3937 874 3989 turbido
888 3939 975 3991 Romo
989 3939 1082 4002 eleuet,
1102 3941 1219 3993 osredus.
1238 3941 1301 3993 Nnn

321 4023 365 4070 est
386 4018 538 4074 admonitio
559 4019 700 4084 modesto,
724 4020 773 4072 sed
795 4022 918 4089 grorior.
959 4019 1085 4078 Flumine
1106 4025 1301 4078 soloeeinunm

322 4104 453 4173 appellnt.
