2858 4714
516 95 523 124 l

364 250 367 260 '
460 279 547 348 usa
568 315 611 332 -
636 255 824 362 Qvtuust.
911 276 914 284 ·
1110 284 1172 352 145

193 459 225 520 2.
254 451 397 518 Firmius
415 451 450 518 id
467 449 635 518 affirmare
656 450 750 528 licet,
774 449 953 538 scriptores
976 452 1170 522 recentioris

111 541 180 606 aevi
200 563 262 606 nec
280 576 324 588 --
345 539 482 626 quidem
503 537 644 618 dixisse,
668 537 725 601 ubi
747 559 809 602 nec
832 535 884 602 vel
901 536 963 600 alia
988 540 1118 624 negatio
1134 543 1170 608 iu

12 619 14 708 l
112 627 221 715 priori
238 626 421 690 sententiae
442 635 535 714 parte
550 623 800 712 praecessisset„

224 745 322 798 senec.
337 747 372 798 de
389 747 435 799 lre
450 745 495 809 12,
510 745 536 796 1.
553 762 606 796 con
622 750 658 796 cst
673 743 760 810 itaque
774 741 864 805 utilis,
881 757 928 792 nec
942 739 972 792 iu
990 744 1097 811 proeliis
1105 747 1168 816 qai-

180 831 257 895 dem,
276 838 325 884 cart
340 832 366 882 ia
382 823 455 884 tellis
468 831 517 882 irc.
554 829 633 881 Cous.
648 827 684 880 ud
700 827 798 896 Polyb.
814 823 858 892 25,
872 824 898 879 4.
916 843 963 878 sec
985 827 1033 880 lsoc
1054 837 1172 888 tantum.

181 917 260 968 modo
274 935 327 966 uon
343 916 416 979 lieet,
435 933 481 968 aec
494 931 612 966 somnum
629 914 731 982 quidem
745 913 877 966 extendere
891 913 920 964 ia
939 921 1041 984 partem
1063 917 1116 971 dici
1135 921 1173 973 li·
1276 969 1287 988 s

183 1007 230 1070 cet.
265 999 371 1066 Quibus
398 999 533 1067 exemplis
555 998 666 1052 delendi
689 1003 779 1066 posset
801 997 873 1064 uputl
898 995 1008 1050 Livium
1030 998 1073 1065 2⁷,
1089 1003 1132 1069 le,
1146 1003 1173 1058 4.
1226 990 1232 1003 ⁸

181 1101 227 1135 uec
245 1085 375 1148 tumulos,
393 1101 439 1138 nee
457 1101 563 1147 urcem,
586 1102 633 1139 ccc
651 1101 722 1136 marc
746 1083 849 1151 paidom
867 1082 948 1134 crutis
962 1083 1088 1156 adstitisse
1102 1091 1173 1144 scis:

181 1167 234 1220 nisi
257 1167 315 1218 cod.
341 1168 403 1221 rut.
430 1169 600 1222 haberetne.
635 1169 672 1220 Et
693 1167 827 1220 efferrem
850 1166 942 1218 Vulcr.
960 1167 1035 1222 Max.
1055 1171 1081 1238 3,
1100 1173 1127 1240 2,
1146 1177 1172 1228 1.

183 1253 236 1306 nisi
255 1251 409 1306 Secbodius
423 1253 468 1318 id,
488 1254 560 1322 quod
581 1247 826 1308 Drakenborchius
843 1249 1014 1318 coniecerat,
1031 1273 1065 1312 ne
1079 1256 1107 1310 in
1123 1276 1173 1314 an.

12 2943 13 2984 l

185 1337 260 1406 liquo
276 1337 371 1391 codice
389 1336 547 1407 invasisset.
583 1336 675 1393 Tacit.
697 1338 767 1392 Anu.
789 1335 834 1402 14,
856 1335 899 1388 35.
920 1355 949 1390 eo
970 1349 1102 1406 provectae
1115 1343 1173 1397 Ro-

181 1439 319 1478 mccorum
343 1425 493 1493 cupidines,
518 1432 549 1476 ct
568 1441 622 1476 cau
638 1440 764 1492 corporo,
790 1441 836 1475 nec
852 1430 981 1476 senectam
1003 1425 1108 1493 quidem
1125 1436 1174 1482 act

156 1525 158 1530 ·
185 1509 364 1578 uirginitatem
379 1509 542 1577 impollutam
563 1508 724 1576 relinquant.
759 1507 814 1562 sot
837 1507 895 1560 cod.
920 1507 1008 1576 guelf.
1026 1527 1077 1564 uase
1097 1529 1173 1571 teate-
1223 1576 1224 1584 ¹

185 1599 270 1656 ctum,
288 1597 315 1646 st
333 1592 359 1658 2,
373 1590 421 1647 8⁰,
436 1605 491 1644 uota
504 1593 621 1658 crimus,
642 1610 695 1644 core
708 1608 783 1661 spes,
801 1607 834 1646 ue
847 1593 900 1646 tela
916 1589 1030 1661 paidom.

201 1724 232 1784 ὃ.
266 1717 330 1782 Sed
359 1737 463 1804 quum
482 1729 572 1782 recte
594 1716 758 1783 diceretur
783 1739 853 1781 non
872 1715 1063 1804 -,quiclem
1087 1720 1174 1803 (Cic.

118 1801 210 1868 Brut.
230 1809 280 1884 17,
300 1805 368 1890 67.)
386 1806 431 1868 ita
448 1815 484 1868 ut
496 1804 532 1868 in
553 1804 701 1890 negativa
718 1801 877 1868 sententia
895 1805 1029 1890 aliquod
1048 1828 1175 1874 nomeu

119 1889 231 1967 addito
248 1890 409 1956 vocabulo
427 1889 565 1978 quidem
582 1891 629 1954 vel
646 1891 900 1978 restringeretur
918 1892 967 1954 vel
982 1890 1174 1970 efferretur,

119 1974 202 2040 nihil
219 1976 436 2064 impediebat,
456 1997 523 2061 quo
546 1980 659 2040 ntiuus
684 1977 975 2048 etiamdiceretur
997 1978 1031 2042 in
1054 1979 1175 2044 odiuu-
1260 1978 1264 1984 ’

119 2063 225 2147 genda
254 2063 414 2132 sententia
440 2084 545 2150 neque
566 2063 634 2127 sive
657 2072 783 2128 nec'-
812 2061 967 2150 quidem,
995 2065 1031 2128 in
1056 2063 1175 2151 quibus

118 2147 256 2232 quidem
273 2171 340 2212 non
362 2149 401 2212 ad
417 2169 478 2212 uec
498 2159 683 2236 spectaret,
708 2149 810 2236 eique·
822 2147 1021 2298 plerumpue
1035 2151 1097 2216 sed
1112 2173 1177 2238 op·

119 2245 317 2320 poneretur.
362 2235 474 2315 Quire
489 2255 603 2298 verum
622 2243 747 2322 perstat
764 2234 866 2314 illud,
890 2257 955 2321 quo
1004 2237 1071 2300 iam
1094 2237 1176 2304 Mu-

119 2329 211 2382 retus
235 2320 367 2399 docuit‚
391 2343 452 2384 nec
468 2357 512 2370 -
536 2319 674 2408 quidem
697 2344 714 2384 a
741 2319 837 2385 bonis
862 2311 1079 2410 scriptorib‘us
1104 2345 1177 2388 uon

121 2405 185 2469 dici
207 2428 270 2494 pro
288 2430 330 2470 ue
349 2405 493 2493 quidem,
509 2407 577 2470 sive
599 2419 632 2471 et
657 2430 699 2471 ne
720 2405 876 2492 quidem,
896 2407 959 2472 sed
982 2431 1024 2472 ne
1039 2444 1083 2460 -
1098 2399 1189 2495 quiss
1225 2455 1228 2472 .
1260 2457 1262 2460 -

120 2491 219 2556 dem.-
241 2493 273 2556 iu
291 2493 330 2555 iis
347 2502 456 2555 autern
473 2487 574 2567 locis,
601 2514 684 2579 quae
701 2515 763 2556 nec
787 2491 930 2576 habent,
953 2491 1019 2558 hoc
1044 2494 1078 2558 in
1101 2496 1176 2560 viu·
1251 2493 1253 2499 ’

121 2571 415 2642 ciendasententia
431 2599 492 2666 pro
510 2590 542 2643 et
559 2602 629 2643 noa
646 2577 738 2665 poni.
959 2649 961 2658 ⁴

226 2677 285 2732 cic.
302 2679 336 2732 ud
352 2677 473 2745 Fumsli,
488 2679 514 2745 6,
527 2681 560 2734 2.·
572 2683 613 2734 lais
635 2688 722 2734 uatem
738 2677 834 2730 litteris
850 2676 966 2730 animam
989 2684 1061 2728 tuem
1077 2705 1112 2717 -
1127 2681 1177 2734 etei

192 2782 244 2816 non
258 2765 448 2834 sapientissimi,
469 2773 499 2818 ct
512 2765 663 2818 amicissimi
675 2764 788 2817 hominis
803 2763 957 2815 auctoritate
972 2765 1177 2830 confirmandam

190 2850 271 2901 etiam
285 2857 364 2918 atquc
383 2851 461 2903 etiam
478 2857 563 2919 patos
580 2867 628 2901 uec
642 2849 674 2901 iis
689 2849 792 2918 quidem
807 2839 905 2912 vertis,
921 2848 1010 2916 quibus
1023 2855 1047 2900 te
1064 2851 1178 2904 consoler

190 2941 222 2986 ut
238 2935 371 3002 afflictum
387 2942 411 2986 et
433 2935 488 3000 iam
503 2925 638 3004 cmci‘spe
662 2937 754 2988 salutis
776 2936 911 2998 artatum,
930 2925 1026 2986 sedat
1048 2950 1123 3002 eum,
1145 2937 1194 2990 de.

193 3019 266 3070 caius
282 3019 461 3071 incolumitate
477 3037 528 3071 con
544 3020 603 3090 plus
618 3020 780 3084 dabitemus,
797 3035 876 3090 paam
892 3025 918 3069 te
933 3019 1040 3070 memini
1058 3020 1179 3074 dubitare

192 3104 224 3155 de
254 3121 321 3157 mec.
372 3103 408 3155 Et
431 3104 524 3172 psallo
557 3110 632 3172 post:
665 3121 711 3156 cec
739 3120 786 3154 cos
807 3102 911 3182 pcidcrp
935 3109 1027 3155 nostm
1049 3105 1179 3161 diuinatio

189 3187 280 3254 saltet.
307 3187 414 3240 Verria.
429 3189 455 3251 2,
463 3186 557 3253 21148.
575 3189 607 3242 de
616 3190 664 3240 isto
681 3188 710 3240 id
720 3187 794 3256 ¹p'ucd
806 3203 893 3238 omues
908 3187 1028 3240 videbant
1041 3205 1122 3257 cepae
1134 3191 1180 3244 ills

193 3273 297 3342 quidem
313 3273 416 3325 obscure
430 3273 547 3342 loquutus
563 3279 610 3324 est.
643 3257 753 3338 Quidem
770 3270 892 3324 aduttum
908 3275 949 3324 cst
959 3271 1113 3339 pronomini
1134 3275 1180 3328 tlte

86 3371 90 3378 ·
188 3363 228 3408 'ex
244 3355 356 3426 vulgari
374 3353 443 3422 risu,
464 3373 516 3408 nec
538 3363 614 3408 recte
636 3355 778 3425 Zumptius
802 3353 870 3409 dicit
890 3373 949 3407 csse
975 3374 1005 3408 ac
1025 3373 1058 3409 ce
1077 3360 1180 3413 obscure

193 3440 304 3510 quidem.
339 3441 373 3494 ad
390 3441 469 3494 Fam.
487 3439 530 3506 12,
547 3440 574 3506 1,
587 3439 613 3494 4.
632 3459 677 3494 ccc
692 3441 745 3494 eius
761 3440 866 3508 quidem,
880 3440 918 3492 rei
926 3441 1011 3506 fidem
1026 3442 1109 3496 video.
1145 3442 1181 3495 ud

193 3523 291 3592 Att.,tt‚
308 3525 352 3578 12.
380 3523 461 3579 ειη.
475 3523 553 3595 (13.).
595 3521 655 3578 Liv.
671 3523 715 3591 22,
730 3523 774 3589 uu,
788 3523 831 3576 12.
847 3525 938 3578 sithoc
958 3525 988 3579 P.
1013 3527 1181 3598 Sempronia·

196 3611 306 3676 diceret,
332 3629 377 3664 nee
402 3612 471 3663 airas
494 3609 613 3679 paidom,
635 3627 680 3662 ccc
702 3611 834 3662 Romanos
853 3627 896 3664 vos
918 3610 1037 3680 duceret,
1065 3613 1087 3662 si
1108 3627 1181 3663 nemo

196 3700 287 3748 tantae
304 3695 411 3749 virtutis
426 3694 559 3747 exstitisset
574 3711 665 3746 comes.
699 3691 749 3767 ulti
764 3692 919 3746 Gronoviai
933 3691 961 3746 in
977 3707 1041 3745 eum
1061 3694 1182 3760 modum,

196 3796 278 3848 quem
296 3797 322 3848 p.
337 3779 381 3833 66.
400 3780 428 3830 st
441 3794 468 3847 p.
487 3776 531 3830 68.
548 3777 763 3845 illustravimus,
782 3777 901 3831 coniecit
922 3776 1095 3831 scribendum
1120 3796 1182 3832 esse

195 3882 242 3917 ac:
262 3865 332 3933 quod
349 3882 402 3917 uon
416 3867 477 3916 erut
490 3863 677 3917 necessarium
693 3864 721 3917 in
736 3861 900 3916 disiunctiva
910 3862 1060 3916 sententie:
1079 3860 1127 3916 ssd
1141 3863 1182 3917 ibi

196 3966 304 4018 quoquc
320 3950 404 4003 codex
418 3966 487 4002 uuus
500 3950 585 4001 habet
601 3967 641 4002 ae·
676 3946 793 4015 Quintil.
811 3947 838 4012 9,
853 3945 879 4013 3,
899 3944 942 4000 55.
961 3965 1015 3999 uua
1039 3949 1107 4002 enim
1128 3951 1184 4003 dixi

196 4034 314 4100 quidem,
332 4033 380 4087 scd
391 4052 446 4086 oon
460 4031 554 4102 scripsi
562 4053 572 4085 .·
590 4052 635 4086 uec
650 4035 742 4102 scripsi
755 4035 877 4102 paridem,
898 4034 942 4085 sed
957 4049 1010 4084 coc
1032 4035 1085 4086 otii
1105 4034 1184 4104 lega·
1233 4086 1239 4097 ,

194 4118 308 4177 tionem.-
328 4136 374 4172 see
390 4119 441 4172 abii
457 4118 570 4188 paidom,
592 4117 639 4170 sed
655 4134 708 4170 noc
726 4117 848 4188 persuasi
865 4114 1001 4172 ttreiccis.
1036 4118 1134 4173 Sencc.
1149 4119 1183 4171 tte

167 4197 225 4266 tv.
271 4219 306 4280 ,r
704 4215 734 4290 g
880 4206 920 4312 ta
