2760 4714
260 255 323 324 ste
691 253 905 324 Pasarne.

345 423 466 490 rueret.
482 421 571 492 Epiri.
590 422 623 490 2.
638 421 728 492 ζῶ.
744 433 850 496 macter
872 435 964 494 mr,
986 443 1027 482 rar
1049 427 1183 488 flemme
1205 433 1310 499 mirate

328 529 416 568 resim
437 512 545 565 sortiere
568 526 639 579 parre
661 511 733 566 trter
753 518 791 564 tet
811 529 889 568 carae
908 521 998 582 tatros
1019 515 1143 566 ramma
1167 513 1310 572 Scholiertr

327 612 391 652 cam
415 592 536 663 reliquie
559 593 777 662 interpr-stibnos
807 614 895 664 „pm
915 597 1026 662 ceteris,
1049 605 1114 650 ante
1136 600 1253 654 omnie.“
1281 603 1310 655 tt

327 678 465 735 Horatius
480 678 563 732 dicit:
581 677 675 732 missis
692 679 758 732 eliis
773 681 887 752 caussis,
912 699 997 736 unum
1018 683 1073 734 hoc
1089 699 1284 738 commemora.
1365 701 1366 712 ¹

345 785 378 848 7.
410 779 476 846 Sed
495 779 672 854 invertitur
694 778 750 848 hic
770 785 901 850 modus.
945 784 1194 876 Namlpraeter
1216 787 1310 853 Latini

261 871 376 936 dicunt
400 869 501 932 eliam
529 865 570 931 de
604 867 716 944 rebus,
740 870 780 934 ad
804 892 883 956 quos
911 871 994 934 aliae
1021 871 1201 948 accedunt,
1230 877 1311 960 quod

260 951 617 1034 Germanicam,
648 953 847 1020 orrarerdem
875 957 1072 1042 loquuntur.
1123 956 1311 1045 intelligitur

257 1043 350 1109 enim
375 1039 475 1104 altera
497 1060 551 1102 res
571 1061 633 1126 per
654 1052 877 1122 seconstare,
896 1043 998 1108 altera
1022 1053 1131 1106 eutem
1158 1049 1312 1111 extrinse-

259 1151 316 1194 cus
342 1125 438 1204 eddi,
461 1145 530 1190 non
555 1125 589 1188 in
609 1125 665 1190 illa
690 1129 873 1206 contineri,
902 1128 959 1192 sed
987 1149 1048 1192 una
1069 1130 1312 1214 comprehendi.

260 1213 357 1282 Vnde
386 1211 442 1290 fit,
482 1221 519 1274 ut
547 1211 582 1274 in
616 1211 716 1276 altere
748 1214 1108 1300 enuntiationir,psrte
1139 1219 1313 1300 particulae

259 1301 380 1378 etiam,
408 1318 536 1385 quoque
563 1296 788 1365 collocentur:
809 1299 898 1388 apud
919 1299 1121 1364 recentiores
1143 1304 1313 1392 scriptores

258 1387 462 1463 etiamnum,
486 1395 559 1448 tam
583 1383 701 1450 etiam.

360 1503 453 1558 Plaut.
480 1502 544 1554 Gar.
569 1501 602 1568 2,
625 1502 702 1568 s,1.
722 1503 832 1557 sirano
855 1519 896 1555 me
916 1507 1080 1574 suspendam,
1108 1523 1195 1560 meam
1217 1527 1314 1578 operm

327 1589 433 1644 luserim
456 1597 482 1641 et
492 1577 597 1657 practer
610 1607 718 1659 operam
739 1589 1060 1666 restimvmmptisecerim.
1093 1589 1173 1644 cres.
1198 1595 1233 1646 B.
1253 1594 1314 1662 gall

326 1678 353 1743 1,
374 1673 418 1728 43.
439 1674 588 1727 Ariovistus
603 1701 638 1712 -
668 1680 776 1744 praeter
789 1689 816 1726 se
831 1671 909 1726 denas
921 1681 954 1728 ot
966 1677 1003 1727 ad
1025 1677 1181 1746 rottoqmam
1203 1679 1315 1733 addace-

327 1765 396 1825 rmt,
409 1760 560 1828 portatavit.
698 1769 701 1774 '

360 1865 460 1930 Pomp.
478 1859 554 1914 Mela
570 1859 596 1926 3,
610 1859 640 1927 ,8,
658 1858 685 1914 4.
701 1867 808 1932 praeter
820 1835 976 1930 capita-tato
989 1879 1094 1932 corpore
1109 1863 1218 1916 ttirsati.

360 1965 440 2020 caes.
458 1965 492 2018 B.
510 1963 564 2017 eir.
586 1963 613 2028 3,
629 1963 676 2016 33.
694 1964 740 2032 qai
763 1963 935 2031 (eructaret)
952 1973 1059 2032 praeter
1078 1967 1231 2037 imperatae
1243 1985 1315 2039 pem·

326 2051 387 2108 aias
401 2067 446 2102 seo
459 2051 539 2101 etiam
556 2050 661 2118 privato
677 2051 826 2118 compendia
846 2049 996 2103 serviebant.

269 2191 272 2196 ,
292 2192 298 2206 .
360 2151 422 2206 Isis,
440 2151 466 2218 3,
483 2149 528 2216 it),
545 2149 588 2207 15.
606 2152 651 2218 qai
665 2158 770 2219 praeter
789 2153 890 2205 Volscos
907 2159 930 2204 et
946 2152 1048 2219 Aequor
1059 2152 1143 2205 sabini
1158 2155 1241 2206 ctione
1263 2157 1314 2209 belli

324 2239 437 2312 perfecti
457 2237 573 2307 gloriam
588 2243 752 2312 pepererant.
771 2236 814 2301 lo,
831 2236 875 2304 311,
891 2236 917 2287 1.
934 2244 1040 2303 prester
1060 2238 1195 2307 ingentem
1217 2241 1316 2294 ittera·

257 2339 279 2360 v·
323 2322 535 2398 populationibus
560 2337 687 2389 agrorum
709 2321 778 2374 trosti
802 2322 903 2374 cladem
926 2330 1079 2392 pugnatam
1104 2324 1189 2376 etiam
1213 2327 1317 2396 egregie

325 2418 371 2465 est.
393 2407 437 2472 21,
457 2401 501 2470 2⁹,
519 2403 546 2457 3.
564 2403 608 2470 23,
631 2401 718 2471 14,1.

359 2511 439 2565 Caes.
454 2510 488 2563 Β.
508 2504 561 2559 cir.
580 2505 606 2572 3,
623 2505 666 2559 57.
682 2523 800 2577 praeesse
824 2515 913 2564 eutem
937 2525 984 2562 sao
1009 2509 1113 2560 romine
1134 2511 1273 2579 mersisset,
1295 2521 1319 2565 rt

300 2600 302 2608 '
330 2604 436 2668 praeter
446 2595 631 2646 anctoritatem
649 2593 718 2645 vires
734 2609 831 2660 qaoqae
846 2595 883 2646 ed
898 2593 1064 2646 coercendam
1081 2595 1203 2646 traderet.
1220 2595 1319 2661 Irini,

262 2723 263 2726 ,
324 2683 368 2747 10,
386 2680 412 2734 4.
430 2687 533 2749 prester
543 2686 633 2751 ¹catara
644 2678 757 2731 adversa
773 2677 827 2730 laco
842 2695 940 2746 quoque
955 2679 1042 2746 irione
1063 2679 1099 2732 aa
1116 2695 1247 2754 pugnam
1262 2699 1321 2735 eor·

324 2766 418 2839 gressi.
435 2762 479 2832 42,
498 2761 541 2828 35,
559 2761 586 2814 4.

359 2865 431 2920 Plin.
450 2865 489 2918 Η.
498 2870 564 2917 net.
582 2861 626 2930 36,
642 2861 669 2928 4,
687 2859 714 2930 ὅ,
727 2863 755 2915 i.
768 2881 836 2916 aare
851 2880 911 2918 rere
927 2871 1032 2932 praeter
1044 2878 1127 2931 repra
1142 2863 1228 2930 dinem
1242 2881 1323 2934 qaae·

276 2949 279 2958 '
324 2969 373 3023 qne
394 2951 527 3016 amcimas,
546 2949 619 3002 Mars
643 2955 681 3004 ert
696 2951 841 3003 etiamnum
859 2950 948 3002 sedem
969 2949 1093 3002 cotarseor
1109 2949 1241 3003 eadem.
1272 2951 1324 3004 Go-

324 3037 394 3097 lnm.
417 3033 444 3100 4,
472 3033 515 3102 18,
541 3034 568 3087 1.
587 3053 655 3104 oeae
670 3035 800 3089 distinctio
820 3041 928 3104 praeter
951 3035 1019 3087 iliad
1043 3034 1227 3100 commodam,
1257 3037 1325 3105 qood

320 3123 381 3193 plia
394 3121 455 3174 rotie
470 3127 495 3173 et
507 3121 579 3174 reati
590 3120 685 3174 aititur
696 3121 809 3189 praeiet,
824 3126 883 3174 tom
895 3117 974 3172 etiem
992 3117 1078 3173 oraim
1101 3124 1128 3172 et
1139 3120 1265 3190 vestigia
1280 3123 1325 3176 de·

269 3217 271 3223 '
323 3205 563 3271 mirei-soeitios
580 3205 705 3260 admittit.

340 3327 373 3389 8.
399 3323 598 3410 Scriptores,
632 3324 689 3410 qui
716 3327 862 3413 praeter
882 3321 987 3400 haec,
1024 3339 1089 3405 pro
1113 3330 1325 3402 praeterea,

255 3409 350 3499 quasi
371 3408 438 3474 hoc
462 3419 546 3473 esset
571 3421 714 3558 praeter
733 3431 793 3488 ea,
816 3407 982 3482 dixerunt,
1007 3425 1085 3468 non
1102 3403 1222 3468 solum
1246 3418 1326 3472 sunt

254 3519 295 3564 ru
322 3495 403 3560 ustei
426 3495 506 3570 aeri,
531 3517 569 3560 ve
584 3497 631 3561 uli
658 3495 783 3572 Celsus,
806 3495 863 3582 qui
886 3492 984 3564 etiam
993 3500 1075 3576 post
1094 3490 1183 3554 Isaeo
1211 3492 1325 3558 dicere

254 3521 357 3662 sciit,
379 3581 552 3646 sedetiam
569 3578 800 3670 antiquissimi,
821 3579 887 3647 nisi
908 3576 1002 3666 a'pod-
1022 3597 1079 3642 eor
1099 3575 1325 3646 scribendum

254 3679 308 3738 ost
320 3666 544 3758 praeterhac.
838 3687 845 3692 ·
973 3688 975 3698 ·

357 3785 455 3840 celsus
469 3787 496 3853 2,
516 3786 543 3839 1.
555 3793 664 3857 praeter
681 3787 744 3840 lmer
756 3784 873 3857 graciles
888 3785 971 3848 tabee,
987 3782 1145 3848 deiectiones,
1157 3783 1327 3838 destillatio-

321 3889 375 3942 πω,
390 3873 453 3926 item
467 3873 595 3926 coemam
611 3877 637 3924 et
652 3871 768 3925 lateram
788 3871 1032 3940 dotarerfatr'gart.
1048 3867 1076 3936 2,
1086 3867 1113 3921 2.
1130 3876 1248 3938 praeter·
1264 3872 1328 3924 hers

319 3958 442 4028 proriam
458 3957 548 4012 timeri
560 3957 645 4020 dedet,
659 3955 685 4008 si
698 3955 823 4026 grossiora
838 3955 957 4008 membre
967 3959 1035 4007 erret.
1051 3953 1078 4019 3,
1097 3950 1124 4006 4.
1141 3957 1218 4008 extr.
1237 3953 1271 4022 6,
1282 3951 1327 4016 Β,

319 4039 499 4096 locaretur
522 4039 611 4107 8,13,
630 4037 675 4094 ld.
702 4057 797 4094 career
820 4055 928 4094 careres
948 4038 1000 4110 ipsi
1024 4039 1167 4108 amicimus
1190 4042 1326 4103 annisu,

320 4133 427 4200 maro
441 4127 507 4186 trees
520 4125 621 4200 afflati
636 4125 745 4200 regesti
757 4123 864 4180 DXXX
879 4124 985 4182 suarm
999 4124 1065 4182 mm
1085 4123 1170 4180 reto.
