2804 4722
494 271 743 342 uuuuurvu.
1086 265 1158 346 629*

194 444 254 500 (iic.
273 461 301 513 p.
318 443 349 498 G.
367 442 438 498 unu.
455 440 483 509 1,
500 441 528 496 4.
545 445 621 499 hier
632 444 661 501 in
675 444 722 498 irae
736 444 900 514 defendenda
915 447 1055 518 praecem
1076 466 1148 504 necue

161 535 217 584 cet:
242 531 359 586 etudinrn
376 547 437 582 aera
457 530 626 588 commanendi
644 529 756 584 hominia
778 547 911 584 commune
932 531 999 587 tuidi
1018 536 1148 590 courum

124 659 128 664 .
159 631 214 670 cere
231 615 339 670 debebit.
358 612 393 666 ad
417 611 496 668 Fam.
512 611 540 676 2,
561 613 587 682 6,
607 613 651 668 16.
671 631 723 668 nan
745 616 815 670 enine
841 618 906 670 enini
925 623 979 670 tane
997 623 1147 676 menealne

160 716 226 751 cara
240 701 308 768 suit,
325 699 353 750 in
376 716 429 766 qua
446 698 587 768 praecipue
609 717 667 752 eum
689 702 722 752 ab
745 701 790 754 ilio
812 704 935 767 adiutae,
959 720 1038 772 quam
1058 707 1147 780 pictur

158 785 206 836 erit
226 785 256 836 in
276 786 415 850 reserenda
437 783 534 856 gratia
555 785 681 838 iucunda.
706 784 733 849 6,
750 786 776 854 2,
794 784 820 838 6.
847 787 916 838 ntntt
938 804 991 842 ecee
1006 792 1147 862 praecipue

159 869 279 936 cuiquam
295 870 435 921 dolendum
455 869 483 920 in
498 886 544 929 ca,
571 871 639 936 quad
655 871 751 923 accidit
769 872 903 926 universis.
925 868 960 922 do
976 869 1043 944 [teg.
1060 874 1086 941 2,
1101 877 1145 944 18,

159 949 203 1004 43.
219 954 288 1006 colar
300 961 389 1005 autem
402 953 478 1005 aliua
488 953 627 1021 praecipue
640 955 747 1008 decorae
760 955 808 1009 dec
823 963 859 1010 eet
873 963 930 1008 tunc
944 959 972 1009 in
985 961 1075 1014 ceterie
1088 971 1146 1018 tura

158 1037 273 1090 maxime
293 1038 322 1090 in
339 1039 428 1090 textili.
449 1035 469 1088 i.
485 1053 510 1088 e.
529 1042 640 1106 praeter
661 1037 742 1090 alico.
784 1037 971 1110 Quintium,
993 1042 1019 1111 1,
1043 1044 1069 1097 6.
1093 1065 1146 1102 nure

157 1129 246 1175 autern
260 1129 288 1175 ut
303 1119 447 1191 quidquam
461 1123 601 1190 praecipue
613 1123 786 1178 neceesarium
798 1133 854 1192 eet,
871 1125 909 1181 rie
924 1127 962 1180 ad
978 1129 1144 1198 efficiendam

157 1215 286 1260 oratorem
300 1207 410 1260 moniaci
420 1208 541 1275 protinuc
552 1208 602 1260 erit
616 1209 748 1260 momenti.

174 1329 205 1388 2.
236 1325 298 1390 Vbi
316 1323 437 1410 aliquid
454 1324 541 1388 inter
561 1322 686 1410 reliqua
703 1324 850 1392 eminere
865 1337 921 1392 aut
937 1342 1070 1416 practer
1085 1355 1142 1400 ce-

9 1473 10 1496 ,
88 1419 158 1474 tera
173 1407 245 1476 fieri
265 1411 439 1476 dicendum
459 1419 516 1488 cst,
538 1408 671 1474 additur
691 1411 771 1476 haec
796 1413 970 1500 particula,
1001 1421 1142 1508 propius

87 1495 243 1559 accedens
261 1495 301 1560 ad
317 1493 590 1586 significationem
611 1497 764 1562 vocabuli
782 1501 1002 1586 praesertim.
1043 1507 1141 1596 Apud

9 1657 10 1660 Ἴ
88 1581 335 1662 Quintilianum
352 1581 435 1646 nihil
453 1579 695 1666 frequentius„
922 1579 924 1588 ⁴
997 1581 999 1588 ’

190 1701 270 1756 Goer.
291 1701 325 1753 Β.
347 1699 400 1754 civ.
419 1699 445 1767 6,
465 1699 510 1754 68.
520 1705 634 1769 fortuna
655 1719 722 1770 quae
745 1703 889 1772 plurinum
907 1713 996 1776 potest
1011 1727 1090 1780 quarn
1110 1715 1141 1768 e‘re

154 1787 262 1856 reliquie
275 1789 357 1855 rebus,
375 1794 430 1840 turn
442 1787 583 1857 praecipue
597 1786 626 1836 in
639 1783 709 1840 tello.
742 1786 859 1853 Quintil.
880 1787 906 1858 9,
918 1786 945 1856 4,
967 1791 1011 1846 65.
1032 1798 1141 1854 menine-

153 1890 201 1942 que
214 1873 406 1925 necimmerito
423 1872 450 1924 in
470 1873 522 1924 icae
547 1885 610 1922 cura
631 1879 729 1948 putant
751 1892 836 1928 omnen
855 1875 996 1933 iocantem
1012 1891 1141 1952 eequutoe,

151 1958 338 2027 praecipueque
361 1958 564 2026 'iiceopcmpunt-
585 1948 611 2021 8,
633 1953 660 2020 6,
679 1955 722 2008 11.
737 1959 924 2029 praecipueque
946 1979 977 2014 ec
994 1964 1036 2016 iric
1055 1968 1142 2021 oritur

154 2042 308 2094 enitimitae.
334 2042 383 2106 ll,
406 2041 431 2109 l,
454 2039 497 2094 68.
516 2039 542 2106 9,
566 2037 592 2104 4,
614 2039 656 2092 di.
680 2051 853 2096 consonantes
882 2064 978 2121 quoque
1001 2065 1141 2120 earumque

152 2127 306 2196 praecipue,
325 2121 391 2195 quae
405 2135 465 2183 eunt
478 2125 630 2196 asperiores.
649 2125 675 2191 9,
688 2125 714 2192 2,
732 2123 775 2178 ii.
793 2129 868 2196 atqui
884 2133 1024 2201 praecipue
1040 2137 1139 2208 prima,

153 2215 245 2282 quitur
255 2212 405 2281 praecipere
418 2228 560 2282 coeperam,
579 2217 697 2282 tempora
709 2213 759 2265 irco
776 2214 839 2268 uitia
860 2215 1020 2272 laborarunt.

149 2361 151 2367 v
169 2334 201 2396 3.
225 2328 291 2394 Sed
310 2349 414 2414 quum
429 2327 475 2407 id,
497 2328 588 2414 quod
606 2327 823 2415 praecipuum
839 2331 1023 2414 videbatur,
1038 2337 1139 2404 ctiam

86 2414 254 2500 ereliquis
274 2419 400 2478 secerni
429 2424 460 2477 ct
490 2434 641 2478 seorsum
665 2415 808 2506 spectari
831 2429 963 2502 posset,
993 2421 1138 2507 vulgaris

86 2520 163 2564 usuc
180 2500 259 2564 hoec
277 2497 429 2564 confudit
452 2508 483 2562 et
504 2499 691 2586 praecipue
715 2497 816 2576 dixit,
849 2501 905 2565 ubi
925 2506 1139 2590 praesertim

85 2597 155 2652 erat
170 2585 358 2668 dicendum,
380 2583 481 2670 idque
497 2585 579 2650 adeo
597 2593 679 2660 tum,
696 2605 799 2672 quum
816 2588 976 2672 particula
993 2589 1034 2652 ad
1047 2589 1137 2657 iudi-

9 2725 11 2752 ,
85 2673 174 2737 cium
192 2670 459 2760 restringendum
477 2691 554 2734 cum
572 2667 860 2742 coniunctionibus
876 2681 908 2736 et
919 2675 1136 2760 pronomini.

9 2831 10 2836 η
84 2758 146 2822 bus
162 2757 398 2823 collocabatur.
440 2753 479 2820 In
497 2755 656 2821 Cicerone
680 2757 843 2822 miramur
865 2756 949 2824 hunc
972 2761 1136 2850 negligen-

84 2844 176 2924 tiam,
198 2841 328 2934 negavit
347 2841 489 2908 Wolfius
505 2841 545 2906 ud
559 2841 662 2906 Tusa.
677 2847 709 2920 8,
736 2847 794 2926 17,
814 2845 866 2910 88.
1043 2878 1048 2889 1

185 2979 302 3048 Quintil.
323 2978 349 3046 9,
366 2977 436 3045 3,1.
455 2979 505 3032 irae
519 2997 548 3033 re
565 2979 689 3043 incidere,
706 2997 767 3047 non,
784 2986 815 3034 ut
833 2996 920 3032 omnen
937 2943 1034 3035 acieree
1051 2989 1075 3037 et
1091 2985 1137 3039 Ci-

151 3083 208 3119 cero
226 3066 375 3135 praecipue,
393 3066 460 3118 inne
476 3081 538 3118 rern.
562 3063 588 3129 9,
602 3063 629 3130 2,
641 3063 684 3117 42.
701 3066 764 3118 noui
782 3081 841 3118 aero
856 3072 882 3118 et
896 3066 1037 3137 praecipue
1050 3069 1137 3129 decia·

151 3159 260 3206 matoree
278 3151 405 3203 cudarim
422 3177 458 3188 -
469 3149 672 3218 imaginantur.
711 3168 714 3176 ·

184 3252 302 3320 Quintil.
321 3252 365 3318 1⁰,
386 3251 492 3318 1,1ul.
511 3252 618 3320 affectae
633 3251 752 3327 quidem,
768 3251 909 3320 praecipue
923 3269 981 3318 ecc,
1009 3253 1056 3323 qui
1077 3263 1138 3310 eunt

150 3338 279 3489 gutpiapefie
294 3365 329 3380 -·-
350 3355 426 3392 nenia
447 3335 631 3393 historicorum
650 3337 839 3392 annutante
858 3337 956 3408 magu.
977 3337 1022 3404 11,
1050 3338 1076 3405 1,
1093 3336 1138 3394 49.

169 3461 177 3490 ,
275 3458 282 3474 .

184 3524 257 3578 Ptin.
275 3523 350 3577 nter.
367 3539 395 3578 u.
414 3521 459 3589 26,
475 3521 501 3589 5,
521 3521 565 3576 26.
583 3523 673 3578 atium
690 3524 825 3594 optimam,
844 3527 912 3595 quari
927 3524 1060 3580 nautae
1079 3543 1136 3580 rna·

149 3617 192 3662 oet
210 3615 402 3664 nominarentur
421 3610 471 3662 ned
493 3610 605 3665 multare
627 3599 764 3663 terribilini
787 3611 916 3681 nigrant
936 3611 993 3680 quie
1013 3627 1136 3679 appara-

149 3703 206 3750 cun
219 3704 373 3766 poturorum
391 3695 463 3762 apud
478 3694 599 3760 antiquae
615 3694 691 3764 legat
709 3702 802 3750 contra
825 3698 943 3750 nomam
960 3699 1013 3748 etc.
1036 3693 1135 3764 virgil.

151 3781 203 3834 (ie.
218 3779 317 3849 mil.
334 3779 461 3831 terendae
473 3793 563 3846 eacper
577 3778 656 3830 ctiam
668 3785 695 3832 et
709 3797 787 3850 pecua
800 3799 872 3836 amne
886 3782 1033 3846 tenendum,
1056 3797 1135 3850 prce·

149 3867 226 3936 cipue
241 3868 304 3920 dum
312 3868 391 3932 frona
408 3869 497 3916 tenera
512 3863 712 3932 inprudensque
725 3865 854 3918 hieran.
891 3865 983 3934 Quint.
1002 3864 1028 3929 6,
1045 3865 1071 3931 1,
1090 3863 1133 3921 66.

148 3952 221 4006 nuuc
229 3953 311 4006 munt
324 3951 403 4004 etiam
416 3954 547 4001 amenter
560 3963 636 4018 caepe
646 3949 710 4013 cidi,
725 3951 866 4019 praecipue
879 3968 939 4006 cero
952 3967 1030 4020 quun
1044 3950 1136 4021 atqua

147 4036 218 4090 cetur
238 4036 333 4091 ecarice
349 4035 430 4102 ficunt·
451 4027 479 4093 4,
501 4031 528 4096 5,
549 4029 593 4086 18.
609 4033 794 4105 praecipueque
816 4034 840 4086 ei
864 4033 896 4088 de
911 4037 1011 4107 pudore
1033 4039 1134 4110 agitur.

148 4118 176 4188 9,
193 4118 220 4187 ²2
237 4119 283 4176 84·
304 4117 331 4186 4.
350 4117 378 4188 4.
397 4117 424 4172 3·
448 4119 450 4124 ’
735 4181 737 4185 ,

123 4201 180 4271 lv.
872 4202 915 4268 et
