2830 4712
248 265 290 352 as
376 302 378 309 s
671 285 742 355 nn.
784 285 883 354 ιιιιι.

352 449 519 510 ¹'l’rot'romen
537 456 722 525 possessivum
737 458 786 512 nbi
803 457 945 528 requitur,
963 437 1021 513 non·
1039 459 1148 512 ridetur
1172 461 1244 516 ratio
1265 436 1323 515 in·
1363 469 1375 521 ¹.

318 537 462 595 teicedero
485 540 643 611 singularis.
679 543 794 598 Terent.
816 546 888 606 Hac.
911 541 982 610 5,·3,
1003 544 1029 598 1.
1053 545 1142 616 edepol
1171 563 1203 602 oe
1225 565 1308 607 meam

287 640 290 648 ·
318 626 396 680 lutus
409 645 463 682 esso
478 644 583 697 operm
600 628 709 698 deputet
727 631 808 698 perot
824 631 903 699 preti.
1007 661 1030 680 ..

271 787 274 806 ⁴
333 763 366 826 4.
404 763 457 828 Ex
481 761 532 828 his
556 783 654 842 vero,
692 786 777 851 quos
801 764 917 846 attuli,
940 763 1021 828 loeis
1047 765 1234 852 colligitur,
1265 789 1309 832 ne

249 847 448 936 plerumque
463 848 616 936 usurpari
632 849 667 913 in
691 852 904 915 conclusione
925 851 988 924 ita,
1014 861 1068 932 ut,
1114 852 1308 916 recaedente

249 935 476 1000 enuntiatione
491 935 626 1000 caussali
645 935 694 1000 vel
709 937 926 1004 conditionali
942 936 991 1000 vel
1013 875 1177 1003 vocassulis
1215 959 1307 1018 uum,

248 1019 281 1084 si
303 1020 490 1106 designato,
513 1019 563 1086 vel
578 1033 758 1102 contracto,
777 1024 813 1088 in
831 1023 970 1112 apodosi
986 1033 1145 1108 ponatur.
1209 1043 1306 1087 amen

249 1107 442 1172 sunt‘atiom
457 1107 612 1193 exemplo
629 1131 698 1172 non
716 1131 839 1198 pauco,
860 1111 896 1174 in
912 1108 1030 1196 quibus
1045 1131 1106 1196 per
1128 1131 1163 1175 oe
1179 1119 1308 1174 constet

248 1193 409 1258 sententia
425 1193 488 1256 sim
515 1185 580 1256 lex.
616 1194 772 1259 Ceterum
788 1196 960 1260 universus
973 1214 1050 1258 usus
1069 1194 1211 1260 maxime
1228 1216 1307 1280 per-

251 1276 416 1342 cinerat.
437 1299 476 1342 oo
527 1280 621 1366 quio:
658 1301 737 1346 raro
769 1280 885 1346 dieunt
917 1290 1066 1345 oratores
1100 1290 1194 1345 extra
1219 1279 1308 1345 allo-‘

250 1363 433 1431 cntionem.
745 1371 748 1378 “
820 1389 822 1396 ’

304 1505 308 1514 ’
332 1518 364 1586 5.
393 1517 515 1604 Aperta
533 1525 730 1592 estendam,
754 1517 845 1582 unde
859 1517 987 1584 factum
1011 1521 1072 1601 eit,
1093 1529 1130 1584 ut
1150 1514 1193 1584 ire
1214 1538 1305 1580 sem-

273 1623 309 1668 er
331 1612 514 1690 poneretur
539 1601 579 1668 ab
603 1603 698 1666 initio
722 1606 958 1670 sententiarum
983 1615 1015 1668 et
1038 1606 1148 1693 primo
1172 1604 1306 1690 quidem

247 1623 334 1758 foco.
377 1689 462 1752 Nam
481 1687 641 1774 particula
662 1686 743 1750 haec
764 1688 878 1752 attinet
903 1687 943 1750 ad
972 1698 1078 1754 totam
1100 1691 1307 1767 sententiam,

197 1841 200 1848 .
248 1773 383 1848 non‘od
409 1794 513 1852 unum
537 1772 707 1858 quoddam
740 1771 951 1837 vocabulum.
997 1773 1178 1838 Turnebus
1205 1773 1307 1860 igitur

248 1862 380 1944 negavit
397 1857 589 1945 particulam
610 1875 769 1944 umquam
791 1859 892 1922 inseri
916 1881 1014 1944 posse
1039 1859 1075 1922 in
1099 1859 1207 1926 media
1227 1879 1307 1942 sen-

248 1947 367 2008 tentia:
390 1945 522 2034 negarit
546 1965 662 2008 rursus
686 1943 821 2006 Rostius
846 1945 880 2008 in
896 1945 1034 2008 Plautio.
1063 1943 1190 2030 Cuped.
1212 1941 1306 2008 Fere.

250 2031 300 2094 tt.
318 2053 350 2118 p.
367 2031 397 2094 ft.
441 2027 506 2093 Sed
532 2028 750 2092 nihilominus
782 2030 950 2117 praemitti
975 2038 1082 2116 potest
1107 2029 1167 2093 alio
1202 2030 1307 2115 parti-

248 2113 320 2180 cula
331 2165 340 2194 ,
351 2110 462 2178 ¹veluti
478 2115 565 2203 apud
584 2114 781 2179 Terentium
798 2115 914 2180 Heaut.
936 2118 967 2194 5,
986 2122 1014 2195 1,
1031 2118 1094 2180 45.
1106 2126 1144 2179 at
1160 2137 1203 2178 nc
1218 2111 1308 2176 illud

247 2197 346 2266 houd
366 2199 531 2280 inultum,
553 2201 586 2263 ci
607 2201 697 2278 vieo,
711 2197 841 2288 ferent.
884 2201 987 2264 Plaut.
1008 2201 1104 2264 Cure.
1131 2208 1167 2278 1,
1189 2206 1228 2277 3,
1251 2203 1305 2263 38.

247 2287 290 2352 Et
305 2307 495 2376 pronomen
512 2285 619 2350 etiam·
634 2287 810 2370 praecedit.
856 2287 957 2352 Plani.
973 2285 1004 2350 'I'
1006 2287 1125 2350 riuum.
1150 2292 1187 2366 δ’,
1212 2291 1250 2359 2,
1274 2285 1306 2348 8.

247 2371 484 2458 LY.Egone.
526 2389 583 2436 LE·
630 2371 751 2436 Τιιιιε.
797 2373 894 2436 Cure.
922 2380 958 2451 1,
980 2377 1019 2453 2,
1043 2375 1104 2436 to.
1140 2371 1194 2436 Sic
1217 2371 1305 2457 apud

214 2528 217 2534 ,
248 2457 438 2534 Catullum,
463 2457 527 2520 nisi
550 2465 696 2521 veterum
720 2457 882 2522 librorum
903 2459 1103 2544 scripturam
1126 2465 1306 2537 mutemus,

248 2543 387 2629 intelligi
403 2543 499 2608 debet
511 2553 610 2622 ¹entra
625 2544 920 2630 interrogationem
937 2549 989 2622 63,
999 2549 1051 2609 68.
1072 2555 1137 2630 ego
1154 2541 1307 2607 nedenm
1381 2592 1383 2596 .

248 2630 468 2708 ministraret
493 2627 629 2716 Cybeles
653 2630 799 2721 famulo
810 2626 932 2719 seror.-
964 2651 1030 2716 quo
1057 2629 1105 2692 vis
1128 2629 1307 2692 sententiae

247 2715 342 2780 nullo
364 2727 461 2804 pecto
483 2713 687 2803 infringitur.
730 2715 768 2780 In
792 2718 898 2781 media
922 2737 1000 2780 vero
1025 2715 1174 2779 oratione
1199 2714 1307 2805 porti-

212 2836 216 2849 «
250 2801 425 2866 cula-non
452 2812 563 2887 potest
591 2803 691 2889 poni,
718 2803 847 2867 etiamsi
879 2802 1053 2866 Paldamns
1082 2799 1122 2863 ad
1157 2799 1307 2884 Propert.

241 2909 284 2974 p.
308 2907 368 2952 XL.
388 2886 493 2950 Praei.
512 2887 556 2950 ita
572 2889 693 2953 statuit.
736 2888 844 2964 Etiam
862 2888 896 2950 in
918 2886 1059 2974 apodosi
1080 2884 1227 2971 primum
1251 2885 1306 2948 lo·
1382 2903 1402 2970 .j

248 2995 323 3036 cum
349 2973 493 3050 obtinet,
516 2973 880 3060 praemiosassententia
904 2969 1127 3036 conditionali.
1171 2969 1305 3036 Plautus
1400 2975 1402 2992 “

233 3059 283 3124 ‘in
305 3057 434 3124 duobus
450 3059 532 3123 locis
548 3060 730 3146 praemittit
747 3059 1007 3124 enuntiationem
1022 3055 1204 3122 relativam.
1231 3083 1232 3092 ι

362 3177 474 3233 Terent.
490 3179 575 3232 lindr.
589 3179 663 3232 Prol.
681 3178 723 3230 17.
742 3179 849 3245 socium
863 3197 896 3230 ne
918 3179 1101 3248 intelligendo,
1122 3183 1152 3228 ot
1174 3174 1242 3227 nun
1262 3173 1306 3225 in·
1400 3241 1401 3246 Ἰ

316 3261 449 3332 telligont.
484 3266 532 3317 ubi
559 3251 722 3331 interpretes
746 3262 852 3333 antiqui
877 3263 934 3341 inm
954 3261 1120 3338 dubitarunt
1163 3257 1306 3310 Bentleius
1400 3315 1401 3326 ἶ

316 3347 475 3401 encliticam
500 3367 531 3402 ne
552 3365 584 3400 eo
607 3346 734 3417 ognovit,
759 3348 832 3416 quo'tl
854 3346 883 3399 in
903 3345 974 3400 thesi
997 3346 1115 3414 positum
1140 3350 1191 3398 est.
1232 3341 1307 3405 lllud

315 3437 408 3485 tumen
421 3431 519 3503 negari
532 3451 585 3484 non
603 3431 713 3500 poterit,
728 3431 890 3485 ellirmando
907 3431 1011 3484 intendi
1026 3430 1197 3484 sententium.
1226 3425 1307 3496 Apud

260 3583 262 3590 y
316 3516 428 3569 Livium
443 3517 487 3581 3⁰,
502 3516 545 3582 14,
560 3515 587 3568 7.
610 3518 682 3586 qnod
697 3518 846 3570 Rhenanus
859 3517 938 3570 linxit
952 3535 1002 3580 ne,
1020 3516 1179 3570 iamdudum
1200 3529 1217 3566 n
1234 3514 1307 3565 Cre-

215 3641 222 3656 .
317 3601 407 3654 vierio
423 3601 539 3654 eiectum
557 3608 606 3656 est.
641 3603 733 3655 Pleut.
748 3603 847 3670 Amph.
868 3603 894 3666 1,
910 3599 1011 3667 Lm.
1029 3617 1090 3652 nom
1106 3593 1308 3669 Amphitruonis
1399 3667 1400 3674 ἵ

318 3688 414 3738 socium
424 3702 456 3736 ne
472 3701 512 3737 mc
526 3703 576 3738 esse
589 3687 660 3754 polsi
673 3689 764 3740 dicere.
801 3689 905 3741 Omnes
917 3686 1007 3739 critici
1017 3685 1145 3738 viderunt
1160 3685 1231 3736 hoec
1246 3700 1307 3736 esse
1399 3697 1400 3722 ι

315 3771 411 3822 falso·
428 3769 574 3840 lngeuiose
588 3770 764 3825 Camerarius
781 3770 899 3824 coniecit
910 3771 1066 3822 occisionum.

353 3871 479 3940 Propert.
494 3872 520 3939 1,
534 3871 578 3938 15,
594 3869 637 3927 29.
654 3882 730 3928 muto
741 3877 815 3944 priua
830 3881 902 3928 uasto
917 3875 1038 3926 labentur
1049 3871 1165 3940 flumine
1179 3879 1258 3940 ponto
1271 3899 1306 3910 ·-
1334 3852 1337 3874 ¹

318 3974 396 4024 quom
409 3959 475 4012 milii
488 3977 521 4010 ne
537 3959 599 4013 nites
612 3961 657 4013 isti
675 3962 816 4014 uideantur
830 3959 921 4021 ocelli,
939 3974 988 4027 per
1000 3975 1060 4026 quos
1076 3972 1153 4025 saepe
1167 3956 1233 4008 milii
1248 3972 1307 4008 cre-
1398 3957 1399 4020 ἶ

320 4041 378 4092 dito
397 4044 512 4111 perfidie
535 4050 581 4096 est.
616 4043 751 4110 Puocius,
777 4043 926 4097 Psldemns
945 4045 988 4104 et,
1012 4046 1041 4092 ut
1062 4039 1186 4106 videtur,
1213 4039 1306 4096 Loeh-

320 4143 435 4181 monum
455 4145 488 4181 ne
507 4125 566 4181 siva
590 4146 639 4183 nae
653 4126 852 4184 oldtmotivum
873 4143 933 4180 esna
955 4123 1155 4180 existimarunt.
1195 4123 1232 4180 it
1254 4140 1306 4176 non
