2804 4722
255 269 258 279 '
291 290 353 358 soc
747 283 874 352 roso.

361 457 476 516 Sanun.
496 453 559 508 Ost.
575 443 662 521 bilsa.
679 453 743 522 lug.
759 453 803 523 15,
822 453 850 510 b.
869 399 964 510 'l'seit⁴
975 455 1044 511 suu.
1059 452 1103 523 14,
1116 449 1160 511 bb.
1178 453 1257 515 orii.
1271 460 1329 518 blot

351 540 485 610 15318.
509 539 569 594 Vct.
588 539 681 592 Flere
702 540 728 606 Δ,
751 539 812 592 143.

289 643 302 675 ·’“
393 641 499 697 Tibull.
515 641 542 705 2,
557 639 583 707 b,
600 639 643 692 19.
661 641 726 694 boec
741 641 811 695 sedis
832 643 934 695 Aeneas
957 649 1046 708 sortes,
1061 647 1199 713 postquam
1222 645 1264 699 ille
1281 663 1328 715 pc·

327 749 330 756 ’
359 725 454 785 rentem
474 727 571 778 elicitur
588 731 615 777 ct
629 731 718 792 raptos
736 725 885 778 sustinuisse
905 727 996 780 Lares.
1035 726 1122 781 Recte
1136 729 1256 782 retulistis
1270 731 1328 785 Vm-

291 824 294 836 '
318 825 321 837 ·
360 813 436 866 siusc
458 811 584 863 nastclens
599 810 695 861 erclen
715 809 815 876 Vater,
839 811 887 863 uie
899 827 960 863 man
974 811 1092 884 erpuilslt,
1109 839 1143 854 -
1170 821 1284 886 enttrug.

393 912 468 968 Coei.
482 911 516 964 ab
531 910 587 963 cte.
605 909 693 981 Epist.
712 907 737 977 8,
761 910 787 976 8,
810 911 836 962 5.
860 919 889 965 al
911 914 1034 966 Seruilius
1056 922 1208 984 postquam,
1232 923 1261 968 ut
1277 934 1329 969 cos·

289 989 300 1002 ⁵
356 1009 442 1075 perat,
473 996 588 1049 omnibus
613 997 642 1048 in
664 997 737 1047 rebus
760 997 889 1049 turbarat.
939 996 1053 1051 Sallust.
1076 1000 1137 1066 bug.
1161 1000 1204 1065 11,
1224 999 1249 1052 2.
1265 1009 1329 1070 post·

355 1083 488 1162 quantilli
505 1107 538 1119 -
556 1081 624 1132 iusta
640 1082 781 1149 magnifice
794 1083 928 1148 jecerent,
947 1083 1035 1150 reguli
1050 1085 1079 1135 iu
1097 1101 1178 1136 anum
1194 1103 1328 1139 conum.

289 1171 297 1183 '
356 1173 419 1226 Lir.
437 1167 480 1230 33,
495 1164 560 1228 3,1.
581 1165 718 1232 Philippus
739 1181 837 1232 quoque
858 1168 942 1234 prima
962 1183 1031 1230 ocrc,
1050 1175 1186 1236 postquam
1206 1172 1286 1240 legati
1301 1171 1329 1222 ab

356 1257 440 1310 Roma
453 1250 522 1302 nibil
534 1247 626 1316 pacati
641 1248 794 1312 retulerant,
820 1249 945 1302 delectum
965 1269 1011 1318 per
1029 1253 1118 1304 amesia
1142 1254 1244 1323 oppida
1262 1254 1330 1324 regm'

320 1347 323 1354 ’
358 1334 591 1394 lcabcrer'nstituit.
624 1331 715 1384 Tacit.
729 1331 798 1384 Anu.
815 1333 841 1398 2,
859 1331 902 1386 35.
941 1331 1014 1389 Hist.
1030 1334 1056 1401 2,
1075 1335 1118 1390 08.

391 1458 470 1508 Caes.
488 1451 523 1502 B.
543 1450 596 1502 cir.
614 1448 640 1513 3,
657 1448 700 1502 bb
716 1458 855 1520 postquam
868 1467 920 1504 non
934 1453 1009 1506 molo
1026 1454 1150 1506 hordeum
1163 1454 1331 1523 pabulumque

357 1543 475 1597 omnibus
497 1537 557 1588 locis
577 1529 716 1606 herbasque
737 1536 860 1600 desectae,
884 1515 1018 1589 rebeliem
1030 1539 1139 1603 scandes
1153 1557 1184 1591 ec
1204 1542 1331 1592 arboribus

288 1623 292 1630 '
324 1607 326 1616 s
355 1617 515 1694 deficiebant,
533 1620 662 1688 corruptis
683 1619 754 1686 equis
774 1619 871 1683 macic,
907 1621 1052 1674 conantium
1074 1622 1124 1676 sibi
1144 1625 1247 1693 aliquicl
1260 1626 1331 1678 Pons·

293 1721 298 1728 ·
354 1713 428 1783 peius
440 1707 471 1760 de
487 1704 618 1773 eruptione
635 1705 796 1756 existimauit.
822 1703 869 1756 ubi
891 1704 1014 1774 Herzog.

388 1805 555 1866 nonomine
571 1804 702 1872 temporis
715 1805 875 1873 interposito
903 1805 966 1859 risle
982 1825 1008 1858 n.
1021 1807 1065 1860 11.

389 1891 450 1966 ljtv.
463 1909 505 1976 25,
524 1907 565 1974 36,
584 1906 610 1960 4.
625 1917 762 1978 postquem
774 1916 827 1962 toto
841 1910 948 1980 agmine
959 1918 1010 1963 tres
1025 1912 1193 1979 imperatores
1213 1929 1271 1965 cum
1283 1914 1331 1966 tri-

290 2047 294 2059 ‚
356 2002 401 2052 bus
415 1998 488 2050 iustis
502 1994 651 2053 exercitibus
665 1993 775 2044 adnant
789 1997 982 2062 apparebatque
995 2011 1091 2062 parum
1112 1995 1242 2046 armis—
1270 1999 1331 2049 oali-

291 2141 295 2150 ,
315 2143 318 2153 y
355 2091 427 2135 turos
448 2095 509 2154 esse,
531 2079 830 2147 circumspectarentque
845 2080 949 2148 agitare
965 2081 1018 2132 clun
1033 2079 1115 2148 caepit
1131 2085 1183 2136 cle.
1204 2079 1230 2144 5,
1252 2079 1329 2144 39,2

352 2147 494 2234 postquam¹
511 2161 579 2212 uilcil
595 2177 702 2227 usquam
725 2160 816 2214 bostile
841 2165 997 2226 cernebatur,
1013 2191 1049 2203 -
1074 2165 1147 2215 baud
1168 2166 1252 2218 multo
1275 2172 1332 2218 ants

354 2248 413 2299 solis
429 2261 543 2296 occasum
562 2245 597 2296 od
614 2245 702 2296 urbem
724 2243 835 2298 Humum
854 2249 1013 2313 perueniunt.
1061 2245 1152 2300 Multa
1175 2247 1233 2300 alia
1251 2247 1331 2300 uasti

355 2331 391 2384 ub
411 2327 455 2393 21,
471 2325 554 2391 ’13,4.
568 2327 733 2380 sllicituius
749 2326 783 2378 ud
801 2327 914 2382 Sallust.
935 2329 995 2398 lug.
1014 2329 1057 2394 13,
1072 2331 1098 2382 5.

291 2436 295 2446 ’
387 2431 448 2486 Isiu.
474 2427 516 2493 bil,
542 2428 584 2498 18,
611 2429 638 2482 3.
663 2437 803 2499 postquam
825 2433 893 2484 nibil
917 2417 1112 2498 commovebunt,
1138 2441 1194 2487 lum
1213 2435 1331 2488 Cornelis

291 2523 296 2539 ¹
356 2516 496 2585 Quintilius
510 2521 562 2568 stc.
583 2515 626 2584 38,
640 2513 683 2578 48,
697 2515 747 2590 12.
769 2525 903 2586 postquam
916 2517 1056 2571 inclamitor
1079 2526 1157 2586 atquc
1173 2521 1330 2590 implacabi-

354 2605 389 2657 les
407 2603 555 2666 cernebam,
574 2609 627 2653 tuns
648 2600 751 2651 demum
766 2601 792 2650 oi
810 2606 889 2670 atquc
909 2603 990 2655 armis
1012 2605 1159 2655 coercendos
1177 2611 1254 2656 ratus
1267 2623 1329 2658 susc.

345 2706 349 2714 '
385 2705 476 2757 Plsnl.
485 2703 566 2756 Most.
579 2701 639 2766 3,1,
655 2700 715 2754 ll'l.
729 2718 794 2754 nam
806 2710 944 2772 postquam
958 2705 1048 2758 lsacccc
1060 2706 1190 2774 aedesita
1204 2714 1294 2773 mant,
1304 2713 1330 2761 ul

350 2791 406 2844 clici
422 2790 476 2854 tibi,
495 2788 615 2840 continuo
631 2793 668 2838 cst
684 2786 754 2838 alias
767 2787 841 2838 aeoles
857 2795 982 2840 mercatus
994 2790 1049 2840 sibi.

291 2884 298 2893 ⁵
387 2907 467 2978 caes.
487 2887 519 2957 Β.
544 2903 597 2955 cir.
614 2901 640 2966 b,
656 2900 698 2953 6⁰.
713 2909 851 2971 postquam
870 2902 899 2955 to
922 2906 1056 2972 difficilius
1076 2873 1159 2960 uisum
1178 2915 1227 2974 eet,
1254 2927 1332 2980 nsque

293 2977 311 3068 ’1
349 2991 466 3064 facultas
477 2988 628 3062 perficiendi
642 2987 764 3052 dabatur,
782 3013 814 3026 -
840 2987 877 3040 ab
891 2987 1038 3058 Pompeium
1054 2993 1229 3072 transierunt.

386 3107 456 3159 Cum
477 3103 612 3158 infinitivo
632 3101 765 3156 historico
788 3103 878 3158 Tacit.
897 3103 965 3157 Anu.
980 3102 1006 3170 3,
1019 3104 1062 3158 26.
1079 3115 1108 3160 ut
1121 3117 1262 3177 postquam
1277 3109 1334 3163 esui

293 3225 313 3252 ,.
331 3229 334 3238 ‚
350 3179 501 3261 aequalitas,
517 3197 542 3244 et
557 3189 789 3258 promotests'aac
800 3191 901 3258 pudore,
912 3191 1018 3244 ambitio
1039 3198 1063 3246 ct
1083 3191 1123 3244 ais
1140 3193 1285 3246 incedebat.

313 3321 316 3328 Χ
343 3328 396 3390 ’4.
423 3323 608 3408 Postquam
625 3345 884 3411 quumpsemper
907 3324 941 3388 in
964 3325 1003 3388 iis
1025 3323 1193 3389 sententiis
1216 3325 1334 3392 locum

285 3407 450 3485 obtineat,
475 3407 591 3494 quib'us
607 3411 658 3472 'res
676 3431 749 3473 vere
764 3407 868 3474 fectae
884 3421 1070 3490 narrantur,
1093 3412 1162 3474 fieri
1177 3433 1252 3477 non
1269 3437 1334 3500 po-

282 3505 365 3572 test,
384 3504 423 3558 ut
438 3493 578 3558 modum
599 3495 841 3558 coniunctinum
858 3505 934 3578 post
949 3517 983 3560 se
998 3494 1126 3568 habeut,
1140 3495 1206 3558 nisi
1226 3500 1334 3562 cliens

284 3597 394 3644 caussa
424 3579 563 3642 uccedst.
613 3580 706 3658 Quue
721 3600 799 3644 vero
821 3579 1004 3644 offeruntur
1027 3580 1191 3670 exempla,
1217 3585 1334 3648 omniu

283 3676 360 3730 sunt
391 3685 408 3728 a
438 3663 577 3728 librariis
612 3675 787 3751 corrupta,
834 3685 895 3728 nec
917 3686 955 3730 eu
986 3666 1111 3744 rubent,
1145 3666 1182 3730 in
1207 3671 1334 3754 quibus

276 3745 503 3838 posteaquem
514 3771 577 3838 pro
587 3759 711 3834 postea
725 3768 826 3836 quum
844 3749 975 3835 legitur.

293 3861 298 3878 ‘
382 3867 522 3938 Reisigius
537 3869 660 3921 Grumm.
674 3884 700 3934 p.
714 3867 774 3920 535.
789 3867 870 3922 docet
884 3877 1049 3940 posteaquam
1065 3885 1128 3923 cum
1150 3871 1335 3928 coniunctim

348 3951 411 4006 ibeo
426 3947 560 4020 componi,
581 3951 653 4018 quod
665 3967 764 4004 caussa
781 3951 965 4038 intelligetur,
980 3953 1089 4007 etiamsi
1113 3971 1160 4006 res
1182 3963 1252 4012 acta
1266 3974 1335 4011 nur·

301 4038 305 4049 “
345 4045 431 4092 ustus.
472 4037 539 4089 ttoc’
560 4035 697 4103 quomado
719 4035 778 4102 tias,
796 4039 946 4095 verborum
965 4037 1165 4110 significatione
1186 4057 1248 4098 uua
1269 4059 1334 4112 por·

306 4117 310 4151 ³
345 4135 441 4190 rem,
462 4119 699 4175 demonstrandam
717 4121 778 4178 erit·
