2858 4714
245 282 306 347 166
598 275 770 348 Nuuv'r.
812 274 844 348 N
848 280 947 349 ENV.

251 431 336 604 Birt.
353 453 385 529 4,
413 451 502 550 1.,99
521 448 601 538 (88).
621 449 711 520 unde
734 443 908 519 natuerat
931 471 1086 541 pervorsa
1111 456 1298 524 coniectura

281 558 433 605 urmaum
448 557 483 603 m
503 539 533 616 1,
548 542 581 615 3,
599 540 651 603 37.
672 567 673 570 “

648 736 901 828 NEMVT.

334 902 383 987 ln!
409 903 495 970 festi
528 904 615 970 libro
648 879 787 992 legitur:
825 903 971 989 Nemut,
1005 907 1075 973 nisi
1107 908 1215 974 etiam
1250 907 1302 975 vel

251 1011 391 1091 nempe:
406 1011 483 1055 usuc
513 1001 564 1056 eet
591 990 680 1056 Cato
705 990 749 1056 de
774 1003 949 1080 potestate
984 993 1170 1070 tribunicio
1198 1017 1300 1146 ptum

129 1095 134 1102 ·
252 1088 305 1142 aet
329 1120 435 1142 ......
453 1097 650 1142 aemmauo.
704 1076 767 1144 Sed
794 1077 868 1142 cod.
891 1078 1016 1151 furnes.
1047 1091 1177 1144 lantum
1224 1104 1303 1146 aec:—

252 1173 362 1231 '..mut
383 1162 452 1228 uici
466 1163 574 1230 etiam
596 1161 648 1230 vel
668 1206 779 1230 ......
801 1161 930 1246 ibunici
943 1187 1019 1230 eum
1034 1167 1087 1232 uit
1102 1179 1220 1234 nemut

251 1249 599 1318 aerumnaepaulluac
620 1259 736 1314 uemut
750 1249 821 1316 uisi
835 1250 943 1316 etium
959 1251 1011 1316 uel
1023 1275 1154 1339 nempe.
1182 1255 1232 1320 Ex
1250 1253 1299 1318 his

251 1334 358 1413 verbis
374 1333 458 1400 nihil
474 1343 584 1423 potest
601 1334 727 1422 colligi.
750 1356 817 1422 quo
832 1347 986 1402 naturam
1004 1339 1094 1405 uerbi
1108 1351 1224 1404 uemut
1239 1339 1300 1403 de-

251 1430 488 1488 monatremue.
540 1419 670 1488 'samen
693 1421 953 1510 Stiireuburgius
979 1424 1014 1490 iu
1042 1425 1233 1491 Commeat.
1258 1425 1301 1491 de
1368 1480 1373 1488 .

243 1569 245 1575 ,
276 1507 411 1573 amicula
426 1507 512 1574 licut
527 1529 561 1596 p.
582 1510 665 1572 126:
688 1554 708 1587 ‚,
717 1503 872 1574 conferri
896 1518 1006 1574 aulem
1032 1510 1128 1575 iubeo
1152 1513 1300 1599 particu-

251 1529 317 1658 liuu
337 1592 425 1656 illam
449 1601 566 1658 nemut
585 1595 649 1678 (cx
664 1613 748 1656 num
770 1601 802 1656 et
823 1593 894 1678 ut),
910 1615 1020 1682 *quam
1043 1596 1126 1662 mihi
1156 1598 1302 1686 persuasi

252 1699 330 1744 cum
346 1677 561 1743 fluctuatione
585 1676 727 1762 quadam
752 1677 952 1764 significasse
976 1679 1069 1750 deme
1092 1683 1184 1748 wohl
1205 1683 1302 1771 (pro-

278 1765 325 1828 ric
342 1761 432 1833 dena
448 1761 515 1830 wie
529 1783 564 1828 ee
577 1763 665 1827 uam
679 1763 743 1826 mit
759 1761 887 1830 diesem
905 1765 1049 1831 Grande
1060 1767 1175 1833 sama
1190 1775 1302 1856 mag).

252 1785 425 1916 iusserunt
444 1847 545 1938 igitur
568 1848 656 1913 inter
671 1871 705 1914 se
721 1871 843 1936 nempe
868 1860 900 1915 et
925 1863 1041 1918 uemut
1064 1854 1128 1932 sic,
1151 1863 1186 1920 ut
1210 1855 1301 1920 notio

252 1957 336 2011 aum
350 1943 508 2022 urgeatur
526 1934 559 1998 in
575 1955 651 2000 nem
678 1957 696 1998 e
711 1933 819 2016 (deuo
831 1936 906 2038 ju),
932 1937 1141 2004 deminuatur
1155 1940 1189 2003 iu
1203 1963 1301 2006 neac-

134 2053 136 2058 ·
252 2031 292 2084 ut
320 2019 429 2101 (dena
449 2019 596 2101 wohl).“
639 1955 731 2084 [libii
767 2022 984 2109 periculosius
1015 2035 1062 2087 est
1089 2045 1187 2108 quam
1218 2025 1301 2094 scire

199 2177 204 2182 .
253 2104 355 2180 velle,
379 2125 462 2192 quae
483 2106 559 2169 acici
580 2127 649 2171 non
672 2116 823 2194 possunt.
865 2107 1065 2200 Exemplum
1089 2109 1179 2174 onim
1201 2104 1300 2177 huius

29 2205 36 2219 ⁸
137 2283 139 2286 Ι
254 2191 346 2262 verbi
362 2191 452 2286 apud
466 2193 645 2310 scriptorec
659 2191 791 2261 nullum
806 2203 924 2262 astat.

662 2387 863 2503 uuuv.
905 2316 912 2328 “

339 2558 469 2626 Nonius
490 2553 667 2627 Marcellus
683 2563 723 2640 2,
744 2560 819 2625 580.
839 2577 965 2624 aenum
980 2577 1050 2646 pro
1072 2581 1152 2631 non.
1194 2557 1300 2626 Lucil.
1345 2571 1349 2576 “

252 2641 310 2712 lib.
325 2645 436 2712 XXX.
456 2645 518 2711 aad
531 2656 648 2710 tumen
660 2644 724 2710 hoc
738 2643 837 2709 dicae
854 2644 937 2732 quid
953 2655 1003 2710 eat
1020 2667 1108 2712 nanu
1124 2645 1302 2712 molestum

196 2747 200 2754 '
254 2743 314 2798 eat.
360 2729 401 2796 V
398 2755 451 2798 ur.
468 2729 631 2820 Epistola
654 2731 704 2795 ud
717 2728 881 2796 Pitaium:
903 2731 943 2795 Si
959 2730 1062 2797 hodie
1085 2753 1174 2797 nonu
1197 2733 1301 2812 uenia,

161 2856 165 2860 -
253 2840 333 2884 cruc
350 2817 486 2906 quidem
502 2817 534 2881 ei
549 2817 678 2881 veneris
692 2815 873 2880 meridiem
899 2817 959 2880 ‹tte
980 2815 1301 2916 natoliasortunue.

230 2946 233 2962 ι
253 2903 423 2970 Praeterea
439 2912 569 2966 exstant
587 2903 716 2989 vestigia
741 2901 839 2966 huius
855 2901 1006 2967 vocabuli
1024 2903 1059 2968 iu
1081 2904 1186 2968 tribus
1209 2903 1301 2968 locis.

253 2988 357 3053 Plaut.
382 2988 456 3054 Aul.
484 2993 523 3066 1,
549 2994 585 3068 1,
608 2991 661 3052 28.
692 2987 870 3075 Scioppius
895 2999 1007 3052 narrat
1032 2989 1179 3077 Suspect.
1212 2989 1300 3053 Lect.

253 3097 288 3164 p.
311 3079 387 3140 279.
417 3073 453 3138 in
481 3073 659 3138 Camerarii
690 3072 777 3140 libro
810 3071 910 3138 fuisse
941 3095 1088 3139 noenum
1119 3077 1206 3157 (erat
1239 3083 1301 3152 n‘ec

253 3160 356 3242 utino)
373 3171 543 3226 mecastor
564 3158 649 3244 quid
670 3160 751 3224 luero
777 3182 842 3246 ego
867 3158 984 3225 dicum
1010 3182 1085 3224 meo
1110 3159 1302 3226 matacrei

192 3281 196 3287 ’
254 3245 420 3326 euenisse,
442 3266 587 3332 qitumve
606 3245 783 3310 incenium
797 3265 880 3330 quiec
897 3246 1122 3312 comminisci.
1167 3245 1232 3308 Sed
1246 3243 1301 3308 alii

236 3329 384 3402 'codices
410 3333 460 3396 vel
483 3353 552 3396 uuo
576 3331 685 3407 euim,
714 3331 764 3395 vel
790 3352 851 3395 nec
879 3331 1021 3406 numen,
1053 3330 1102 3394 uel
1127 3353 1170 3396 ue
1201 3350 1299 3392 ntiae.

254 3415 513 3502 Suspicabaului·
535 3416 639 3480 critici
666 3437 756 3482 neuu
779 3427 967 3481 mecastor.-
990 3418 1079 3501 quod
1110 3423 1216 3479 metro
1243 3435 1300 3476 re-

251 3511 392 3590 pugnat,
414 3501 539 3590 eyllaba
556 3512 703 3566 extrema
720 3511 882 3588 correpta.
927 3501 1057 3566 Lucret.
1072 3505 1103 3568 4.
1118 3503 1193 3564 716.
1210 3519 1300 3566 neme
1348 3504 1354 3513 '

253 3600 378 3677 qummt
405 3587 527 3675 rapidi
554 3600 674 3652 contro
710 3597 867 3650 constare
901 3586 1044 3652 Leonas.
1092 3590 1132 3658 8,
1158 3587 1231 3650 199.
1261 3597 1300 3649 ut

168 3739 171 3748 ,
254 3685 376 3743 cumru
391 3671 572 3760 Lepidum
596 3671 783 3737 coniectum
804 3671 1059 3760 Spielorumque
1073 3689 1161 3736 neum
1171 3679 1299 3758 puteat.

335 3774 535 3861 Hartungius
554 3773 594 3837 de
611 3775 726 3838 Partic.
740 3796 846 3859 graec.
863 3773 894 3838 T
897 3796 966 3837 cm.
983 3778 1014 3836 2.
1037 3795 1071 3856 p.
1087 3771 1140 3836 95.
1167 3781 1202 3834 ut
1227 3773 1301 3857 opi·

253 3859 499 3924 niunemeuam
520 3858 695 3927 uabiliret.
719 3857 867 3946 loquitur
893 3857 933 3921 de
957 3857 1106 3946 pluribus
1135 3857 1301 3922 codicibus

256 3946 378 4024 Plani,
404 3946 460 4030 qui
478 3944 534 4009 ubi
551 3954 699 4016 exstent.
723 3967 792 4008 nou
813 3943 951 4018 indicat,
974 3953 1007 4008 et
1026 3964 1134 4008 noenu
1154 3943 1302 4007 scriben-

256 4031 334 4094 dum
346 4041 467 4101 censet.
485 4032 519 4100 in
532 4031 740 4118 quoagnosci
760 4031 862 4118 possit
878 4051 966 4094 noa:
981 4049 1181 4116 qiaamquam
1200 4047 1300 4090 unam

255 4116 467 4204 negationem
481 4137 543 4205 per
557 4139 601 4182 uu
618 4127 650 4181 ct
662 4139 705 4183 ne
716 4127 745 4181 et
756 4139 805 4182 au
818 4114 982 4203 designari
996 4115 1222 4181 rusticiuoslri
1239 4134 1300 4176 uos
