2760 4714
510 261 722 332 enarrer,
929 352 931 361 Ι
1074 265 1137 332 scs

184 440 299 494 Terent.
315 436 368 492 ra.
384 435 453 506 11,
469 432 512 489 11.
524 443 627 506 praeter
636 431 855 504 daecangttnlufl
862 435 1044 504 conpertum
1057 407 1138 490 111111.

150 524 202 580 Ad.
219 526 252 592 5,.
266 524 292 595 ll,
309 524 354 582 11.
367 531 475 601 practer
490 523 554 574 leaeo
571 520 680 579 meridie
692 520 796 585 saelum
811 527 842 573 nt
855 522 981 590 stipulam
995 523 1115 592 colligat.

167 635 200 694 9.
223 627 276 694 Ex
293 647 354 692 usu
374 623 628 714 praepositionis
647 619 774 712 prodiit
795 633 970 687 contracta·
989 623 1140 690 oratione

83 713 277 778 adverbialis
299 711 419 776 fauna.
473 711 558 774 Nam
587 707 643 772 ubi
672 709 860 794 adiungitur
880 710 1067 788 relativum,
1089 711 1140 774 in·

81 801 183 886 telligi
208 798 393 886 debetque
418 795 593 861 referatur.
644 795 757 883 Quare
778 797 812 858 in
836 796 944 858 verbis
969 795 1140 860 Ciceronis

84 886 124 950 ad
146 887 211 950 Aa.
232 887 262 961 5.
288 889 320 950 3.
341 881 457 946 mellus
475 880 587 946 adlata
608 879 760 968 (litteras)
782 901 986 968 acceperam
997 892 1140 968 praeter

84 995 170 1060 quae
199 970 286 1036 milri
315 967 418 1033 bircae
442 969 480 1032 iu
508 965 701 1032 Trebulano
721 964 883 1031 redditae
902 977 991 1043 artat,
1014 967 1140 1032 intelli-

85 1058 173 1144 gitur
185 1067 331 1146 praeter
344 1076 414 1130 eas,
426 1075 512 1140 puae
527 1090 570 1101 —
586 1053 748 1118 redditae
765 1063 862 1116 stent:
886 1053 975 1138 quod
990 1051 1140 1118 Kritziue

84 1147 231 1231 negavit.¹
271 1140 430 1206 Similiter
453 1140 610 1205 Germani
630 1135 747 1228 auisset·
768 1137 906 1202 welche.
939 1137 1055 1224 Neque
1078 1139 1140 1206 alic

84 1241 133 1294 est
152 1229 238 1294 ratio
260 1227 438 1292 verborum
453 1237 596 1314 praeter
615 1261 658 1274 --
678 1245 793 1312 quam.
829 1224 898 1288 Nec
915 1223 1034 1302 obstat,
1051 1225 1141 1312 quod

82 1315 166 1380 illud
190 1313 382 1379 adverbium
404 1313 622 1398 componitur
646 1331 722 1386 cum
753 1310 986 1375 coniunctione
1005 1311 1046 1390 ei,
1079 1333 1141 1377 nec

85 1400 178 1488 qnod
200 1400 423 1488 vulgarium,
446 1419 488 1462 ue
513 1420 531 1460 a
555 1397 650 1461 bonis
682 1394 815 1482 quidem
845 1397 1063 1482 scriptoribus
1085 1419 1141 1462 re-

83 1488 234 1576 pudiato,
249 1484 442 1550 adverbium
460 1479 660 1570 cuicumque
676 1481 813 1546 dictioni
827 1485 1019 1570 apponitur.
1049 1481 1142 1550 Tum

85 1573 175 1638 enirn
199 1592 332 1636 merum
360 1580 409 1634 est
438 1569 640 1634 adverbium.
701 1567 874 1634 Sallustios
905 1569 950 1632 ita
980 1569 1143 1655 loquutus

86 1671 153 1740 est,
174 1680 244 1724 non
264 1656 385 1740 reliqui
413 1656 609 1741 antiquioris
633 1656 745 1720 aetatis
772 1655 968 1740 scriptores:
1006 1677 1067 1720 nec
1090 1657 1142 1721 lo-

86 1765 211 1824 corum,
233 1763 316 1830 quos
337 1741 632 1820 Drakenborchius
665 1763 683 1806 e
706 1741 787 1804 Livii
807 1740 900 1804 libris
925 1739 1031 1822 affert,
1055 1742 1142 1808 ullus

85 1842 147 1912 est,
166 1832 201 1896 in
224 1851 291 1918 quo
321 1827 452 1891 codices
482 1850 551 1891 non
576 1827 739 1892 diversam
764 1827 907 1892 habeant
928 1829 1143 1914 scripturum.

85 1918 234 1984 Praeter
262 1913 352 2002 quod
382 1935 458 1999 pro»
473 1924 716 2001 praeterquam
743 1911 833 2000 quad
860 1911 954 1978 fuere
985 1916 1042 2000 qui
1070 1939 1143 1982 non
1220 1941 1227 1950 ·

85 2004 189 2070 modo
224 2025 242 2066 a
274 1998 437 2065 veteribus
469 2000 702 2086 scriptoribus,
746 1996 803 2062 sed
827 2000 992 2088 eleganter
1015 2001 1142 2067 dietum

85 2113 155 2156 erse
177 2088 415 2154 existimarent.
459 2085 543 2150 Vide
567 2085 789 2172 Oudendorp.
822 2085 863 2149 ad
885 2087 976 2151 Caes.
1002 2087 1040 2152 B.
1064 2089 1142 2182 gall.

25 2207 31 2218 ¹
86 2183 117 2251 1,
141 2179 171 2242 5.
192 2173 322 2241 Duker.
348 2173 388 2236 ed
410 2170 501 2236 Flor.
526 2179 563 2253 1,
585 2177 623 2252 6,
641 2176 694 2238 rt.
734 2172 779 2236 At
795 2195 897 2236 nemo
914 2173 1142 2260 antiquiorum

82 2263 290 2351 scriptorum
316 2258 411 2340 dixit,
442 2258 499 2322 sed
522 2259 767 2323 recentissimae
794 2259 905 2324 aetatis
928 2257 1095 2327 homines.

189 2379 269 2433 Caes.
292 2380 325 2434 Β.
349 2378 418 2448 gall.
440 2378 466 2443 1,
491 2377 517 2430 1.
530 2381 697 2444 frumentum
721 2393 813 2442 omae,
836 2383 943 2446 praeter
965 2382 1035 2446 quod
1058 2398 1143 2436 eccam

155 2464 287 2535 portaturi
314 2473 407 2528 eraut,
439 2465 601 2517 comburunt.
629 2460 678 2514 ubi
708 2461 884 2528 Oudendorp.
918 2461 973 2514 Sed
998 2463 1049 2516 ulii
1078 2463 1145 2519 libri

155 2557 337 2619 praeterquam
353 2549 441 2618 quod.-
457 2546 541 2616 idque
553 2563 602 2598 cnr
615 2545 829 2613 praeferendum
844 2553 926 2612 erest,
939 2548 1079 2602 subtiliter
1093 2567 1144 2602 ex-

155 2632 249 2702 posuit
261 2631 455 2686 Schneiderue.
477 2627 594 2700 Quintil.
608 2628 635 2695 4,
648 2629 673 2696 2,
687 2629 730 2684 28.
744 2639 850 2701 praeter
868 2649 934 2701 atrae
956 2634 1023 2685 alltll
1042 2641 1081 2686 est
1101 2635 1144 2686 dl-

156 2719 287 2771 lueudum.
322 2718 429 2790 Vitruv-
446 2717 472 2783 8,
491 2717 517 2769 1.
535 2719 725 2787 praeterquod
740 2735 822 2788 supra
841 2719 965 2788 scriptum
984 2725 1031 2770 eet.
1064 2716 1145 2774 Item

157 2801 228 2854 dixit
251 2801 359 2855 Plinius
378 2803 446 2856 Pan.
473 2801 516 2868 119,
533 2802 560 2854 li.
576 2810 681 2872 praeter
698 2805 740 2870 id,
766 2805 835 2872 quod
857 2805 981 2858 arduum.
997 2802 1097 2857 Flonrs
1117 2804 1145 2870 2,

1 2954 3 2968 μ
155 2885 182 2956 ll,
198 2884 241 2940 24.
258 2905 305 2940 aec
316 2895 421 2957 praeter
440 2889 509 2957 quod
531 2888 561 2940 ia
586 2889 662 2942 bullis
683 2888 843 2958 singulisque
868 2889 1046 2956 conliserat,
1063 2893 1144 2962 quid-

43 3027 47 3034 ,
157 2989 237 3044 quam
259 2973 309 3025 sibl
325 2974 386 3027 auri
407 2974 575 3042 reliquerunt.
601 2972 708 3042 Apulei.
723 2973 791 3028 Met.
806 2972 832 3026 2.
849 2992 875 3042 p.
889 2973 949 3040 122,
971 2973 1015 3028 dl.

1 3151 3 3158 J
66 3083 90 3112 ‘'
192 3073 279 3130 Varro
296 3074 329 3128 de
350 3077 393 3130 tte
406 3093 429 3128 r.
449 3075 474 3141 1,
493 3074 538 3141 41,
555 3074 581 3130 5.
593 3085 696 3147 praeter
712 3078 736 3130 el
749 3077 827 3130 aliter
840 3095 960 3148 nequeas.
993 3078 1045 3132 rtet
1060 3095 1145 3148 grae-

159 3176 223 3215 cnm
240 3157 315 3230 alula
333 3160 374 3226 el,
408 3161 600 3230 germanicum
616 3179 706 3216 ausser
719 3179 802 3214 wenc.
1108 3155 1110 3162 '

192 3263 307 3316 Sallust.
328 3264 389 3318 (let.
408 3263 451 3332 86,
468 3263 495 3317 2.
513 3272 610 3319 caerae
622 3264 782 3319 multitudiue·
796 3265 863 3317 diem
878 3265 980 3328 statutt,
994 3272 1054 3318 cute
1067 3281 1146 3335 quara

158 3348 213 3404 ciue
222 3350 323 3416 fraude
343 3349 431 3403 liceret
452 3351 486 3402 ab
502 3352 584 3404 armis
606 3352 742 3416 discedere,
756 3357 863 3421 practer
883 3365 968 3402 rerum
992 3351 1146 3419 capitalium

158 3435 345 3488 cendemnatis.
370 3433 415 3488 Ite
430 3434 486 3487 iem
501 3433 663 3489 Priscianus
677 3433 719 3487 11.
734 3453 762 3502 p.
770 3433 849 3487 11⁰1.
863 3432 935 3504 legit
952 3440 979 3487 et
994 3435 1144 3490 Gledoniue
1174 3490 1177 3496 ,

160 3537 190 3588 ιι.
213 3519 289 3574 tace.
309 3518 546 3588 ,praepositionem
572 3537 635 3574 cum
657 3519 782 3575 ablativo
798 3518 930 3588 coniungi
949 3519 1076 3588 opinetur
1093 3526 1145 3574 ert.

157 3604 219 3660 Liv.
237 3602 327 3671 4‚·59,
345 3604 373 3656 7.
391 3607 587 3676 pronuntiatum
607 3613 731 3676 repente,
759 3623 790 3660 uc
819 3607 876 3676 quie
900 3615 1003 3677 praeter
1031 3615 1147 3662 armatu

160 3691 310 3746 aularum.
342 3688 402 3744 Alii
422 3687 489 3742 tibet
507 3698 631 3744 armatae
655 3691 753 3746 lustin.
769 3691 814 3758 lt,
835 3691 861 3756 lt,
878 3688 906 3742 2.
923 3692 1013 3762 quibus
1029 3690 1147 3760 (epieto-

159 3775 219 3846 lu).
235 3777 350 3830 omnium
369 3775 511 3828 arcuatum
537 3776 633 3829 cerula
653 3781 760 3846 praeter
781 3777 867 3832 caedis
886 3777 1008 3830 damnati
1026 3779 1147 3832 restitue·

154 3863 267 3917 ‚tantm
291 3862 420 3930 culpam.
445 3860 505 3912 Ecl.
523 3857 550 3925 4,
568 3857 610 3912 21.
636 3869 703 3916 certe
728 3879 788 3916 anea
810 3861 929 3917 carmina
948 3879 1022 3916 nemo
1044 3870 1148 3930 macter

161 3947 253 4000 allelu
268 3948 379 4016 scapulla
399 3951 507 4000 uectura
531 3952 706 4002 remurmurat
730 3948 802 4002 celeo.
850 3944 960 4000 Gellius
984 3946 1010 4012 1,
1034 3946 1079 4014 23,
1102 3948 1146 4002 lu.

160 4039 265 4102 practer
281 4033 326 4086 ille
342 4049 410 4086 uuus
426 4029 560 4103 Papirius.
575 4029 657 4086 ovid.
673 4032 751 4088 rut.
769 4032 798 4101 (1,
819 4028 882 4086 1110.
899 4029 991 4102 (1011.)
1010 4033 1050 4086 all
1065 4049 1147 4105 prae·

163 4123 205 4176 tor
221 4117 312 4174 robur
329 4135 455 4188 causam
471 4133 558 4174 canae
568 4116 637 4186 fuit.
