2830 4712
157 438 187 515 'p
200 442 247 498 51.
285 439 359 510 Quat
374 439 473 496 Cicero
494 438 608 510 scripsit
630 440 666 494 ts
688 436 775 494 Amic.
789 433 834 502 rt,
848 433 893 490 81.
909 449 978 504 Μ
997 451 1051 488 sss
1071 436 1150 490 mdo
1226 481 1238 506 χ

161 531 266 596 amieo,
284 529 327 582 ssd
343 545 374 582 sss
388 529 468 580 libem
484 527 588 596 paidom
605 527 693 597 stigen
712 532 764 580 ests
782 523 813 577 id
825 523 866 576 lo.
884 519 1028 574 {naban
1046 517 1151 573 Patiar.

158 612 232 680 Η.
265 612 465 683 quodquidam
494 611 771 676 coamantes.
802 609 847 669 d
875 622 909 660 ns
936 603 1150 659 tiimmiu

160 702 272 771 &mas
287 705 334 754 stt·

336 863 438 952 NE
473 859 885 1004 dubitativum.

612 996 614 1005 ¹
632 991 645 1022 ἱ

177 1031 419 1120 Quascumque
442 1031 603 1097 dubitatio
616 1053 733 1122 «μορε
766 1029 893 1098 aceedit
924 1030 965 1098 ad
996 1033 1149 1120 negatio·

103 1134 187 1181 nem:
208 1118 430 1204 interrogatio
455 1127 565 1182 sutem
589 1117 622 1182 in
646 1116 820 1196 sehabet,
851 1117 893 1182 de
916 1139 1005 1204 quo,
1036 1129 1149 1184 utrum

103 1201 196 1266 sitan
219 1203 374 1282 nonsit,
398 1202 586 1270 dubitemus
613 1201 755 1290 ideoque
780 1223 988 1301 quaeramus.
1037 1203 1151 1288 Quare

103 1285 301 1353 Hermannns
317 1289 438 1375 aliique
456 1289 649 1368 docuerunt,
666 1288 1071 1376 inomnrintsrrogationa
1085 1290 1149 1356 aii·

106 1391 191 1456 quam
206 1375 421 1461 negationem
431 1375 548 1440 inesse.
569 1377 675 1460 Atque
687 1371 766 1438 haee
774 1374 845 1460 ipsa
854 1373 918 1438 suit
929 1394 1055 1452 caussa,
1064 1397 1157 1464 qua-.

106 1468 230 1545 proptor
243 1474 310 1539 ne,
337 1461 428 1546 quod
443 1471 561 1547 negat,
583 1458 744 1545 particula
764 1455 858 1530 fieret
880 1457 1151 1545 interrogationis
1225 1535 1228 1542 ‚

107 1550 134 1604 et
147 1544 364 1610 dubitationis.
408 1545 433 1611 li
450 1552 539 1611 enirn
556 1545 783 1631 grammatici,
805 1543 861 1631 qui
876 1539 991 1609 dicunt
1006 1569 1050 1612 rte
1065 1546 1151 1612 nihii

110 1626 294 1722 significare,
316 1632 382 1696 nisi
400 1643 437 1696 ut
451 1631 721 1720 interrogationis
739 1629 887 1694 formam
907 1630 1076 1718 exprimat
1099 1631 1151 1698 vei

114 1718 388 1802 interrogationem
405 1719 574 1792 intendat,
596 1739 666 1782 non
682 1716 760 1782 satis
775 1715 874 1781 distin
898 1727 982 1781 uunt
997 1720 1151 1804 negatio-

114 1801 220 1866 nemab
235 1801 393 1890 negativa
410 1804 539 1890 origine
551 1803 832 1890 interrogationis.
874 1739 959 1868 §am
982 1801 1063 1869 dum
1088 1803 1151 1870 du-

113 1879 184 1965 bito,
202 1910 263 1954 nee
286 1888 355 1954 scio¹
374 1911 416 1952 an
434 1892 477 1956 sit
494 1912 547 1955 res
564 1899 617 1952 aut
635 1889 731 1975 quale
748 1889 807 1966 sit,
828 1898 926 1974 atque
950 1887 1026 1955 ideo
1050 1911 1152 1977 quae-

108 1989 156 2050 ro,
174 1973 205 2036 in
228 1973 348 2040 animo
366 1985 465 2040 teneo
489 1975 700 2063 negationem
725 1971 976 2048 affirmationis:
1003 1975 1151 2064 alioquin

108 2059 322 2140 quaestionem
338 2060 528 2140 noniano,
551 2060 607 2124 sed
626 2057 770 2125 affirmo.
801 2059 919 2148 Neque
936 2059 959 2124 ii
972 2071 1050 2126 sunt
1066 2085 1150 2151 pro-
1252 2132 1254 2140 ,

106 2137 206 2220 bandi,
229 2145 291 2233 qui
308 2145 437 2227 dieunt,
468 2147 663 2212 sententiam
681 2169 741 2234 per
762 2167 805 2211 ne
821 2146 867 2210 ita
889 2145 1051 2234 signatam
1077 2172 1152 2215 rna·-

105 2226 145 2310 gis
164 2231 201 2294 ad
224 2229 581 2332 affirmandam-quam
612 2232 652 2297 ad
677 2231 862 2382 nepanaiam
883 2254 957 2297 rem
981 2231 1152 2302 inclinare.

105 2313 281 2406 Vtrumque
298 2340 388 2384 enim
408 2317 480 2383 fieri
500 2328 611 2407 potest
625 2339 727 2405 nequa
741 2341 753 2382 1
768 2339 855 2384 nrsu.

202 2439 308 2504 Erant,
336 2439 385 2508 qni
407 2438 599 2508 praeciperent
620 2457 651 2492 ne
670 2455 723 2492 nan
746 2455 807 2492 essa
831 2438 964 2502 verbum,
988 2438 1036 2492 ssd
1059 2440 1165 2510 sylle-,

161 2521 247 2592 bam,
274 2542 346 2593 quas
367 2524 526 2588 vocabatis,
547 2523 646 2592 quihus
660 2523 824 2589 adiicietur,
845 2523 903 2576 viru
926 2522 1048 2588 atterat,
1065 2523 1151 2593 prsis-

162 2608 254 2662 sertim
296 2610 533 2680 interrogativanr.
601 2607 670 2661 Vide
704 2593 840 2663 Turnebs
859 2607 1006 2658 Adversar.
1040 2605 1093 2673 28,
1124 2607 1152 2664 1.

162 2691 332 2749 Schmidtius
353 2695 382 2748 in
399 2694 577 2766 Ephemsrid.
601 2693 716 2746 liniens.
735 2689 812 2744 1821.
832 2708 859 2742 n.
873 2689 935 2742 218.
970 2689 1091 2762 Wolflns
1116 2691 1152 2746 ad

163 2776 217 2831 cic.
233 2781 322 2833 Tusa.
345 2779 372 2845 5,
395 2779 438 2844 12,
454 2779 497 2832 35.
530 2782 572 2832 Da
597 2794 652 2846 qua
674 2794 704 2828 ra
726 2775 804 2828 nobis
826 2773 973 2854 dicendum
999 2772 1054 2828 erit
1079 2792 1107 2829 ιι.
1122 2774 1152 2831 4.

162 2862 281 2933 Scripsit
297 2866 331 2918 tie
347 2865 401 2918 hac
416 2864 553 2933 particula
567 2860 825 2914 commentationem
839 2862 878 2912 lo.
888 2859 973 2913 Gottt.
987 2858 1153 2930 Ditliugins,

162 2947 277 3004 Flaviae
292 2968 318 3004 a.
330 2950 407 3004 1834.
422 2950 532 3002 editam.
565 2949 652 3014 Nemo
668 2964 735 3001 vero
749 2945 884 2999 incautius
901 2945 929 2998 in
944 2945 998 2996 hae
1011 2961 1042 2996 ra
1059 2961 1153 3000 versa-

162 3036 205 3086 tus
220 3042 265 3088 est
279 3051 361 3104 quam
377 3035 534 3088 Priscianus
552 3033 595 3086 16.
617 3052 644 3100 p.
659 3029 736 3084 lusu
769 3031 840 3086 Nam
854 3038 998 3099 postquam
1018 3046 1154 3100 exposue-

163 3125 218 3185 rat,
238 3139 272 3173 ne
288 3127 317 3173 et
336 3118 535 3174 dubitationem
559 3118 717 3188 significare
736 3123 763 3170 et
787 3116 816 3170 in
836 3113 1055 3184 interrogatione
1079 3113 1154 3185 poni,
1191 3173 1199 3184 ‘
1307 3122 1311 3129 “

163 3201 286 3272 loquitur
301 3205 336 3258 ris
352 3205 382 3257 vi
400 3203 609 3284 confirmativa,
627 3202 736 3256 collatis
762 3198 896 3268 exemplis
916 3215 1028 3280 prorsus
1055 3199 1154 3253 alienis

164 3294 191 3342 et
219 3291 296 3343 male
331 3290 461 3359 expositis
490 3290 545 3356 ita,
572 3296 603 3344 ut
633 3289 669 3343 ad
697 3293 851 3340 extremum
882 3284 981 3338 attare
1016 3291 1056 3338 est
1084 3287 1154 3339 enirn

161 3391 206 3442 pto
220 3377 311 3430 attan

178 3506 206 3572 Ι.
233 3517 264 3574 1.
287 3509 359 3574 iam
378 3515 456 3576 vero
476 3507 741 3597 interrogationis
758 3517 791 3572 et
812 3515 921 3571 rectae
945 3514 978 3569 et
1000 3502 1153 3591 obliquae

108 3585 220 3681 t‘riplesr
239 3607 288 3658 est
310 3617 425 3684 genus.
469 3599 614 3662 Primum
640 3598 728 3660 enim
753 3593 938 3680 quaeritur,
962 3613 1003 3654 an
1024 3613 1078 3653 res
1100 3591 1153 3666 sit,
1230 3661 1232 3664 Ι

110 3677 309 3764 simpliciter:
333 3682 423 3767 quod
443 3683 651 3748 secutatione
672 3680 873 3766 exprimitur
890 3688 921 3741 et
941 3674 1057 3738 ordine
1077 3695 1153 3737 ver-

110 3749 231 3830 borum.
275 3767 344 3831 Cic.
369 3769 463 3832 Verr.
487 3775 518 3844 3,
536 3773 587 3848 57,
611 3771 681 3831 132.
704 3777 742 3830 tu
759 3763 804 3828 id
825 3756 1022 3828 nesciebas?
1063 3756 1154 3823 Fre-

110 3843 212 3913 mahat
244 3863 320 3918 tota
352 3854 547 3939 provincia.
608 3850 715 3922 Nemo
746 3849 785 3913 id
815 3847 878 3912 tibi
909 3839 1156 3931 renuntiabat?

110 3924 225 4002 Deinde
240 3959 318 4002 vero
342 3940 544 4017 enuntiatio,
568 3959 668 4024 quarn
692 3934 964 4024 problematicam
988 3930 1156 4018 appellare

112 4015 259 4104 solemus,
281 4024 467 4092 deflectitur
481 4017 520 4091 ad
536 4025 748 4110 negationem
766 4031 841 4085 ante
858 4025 1071 4102 occupatam,
1091 4037 1155 4103 qua
1181 4021 1185 4026 '

114 4104 279 4190 togitamus
296 4110 351 4188 id,
377 4111 501 4199 dequo
518 4111 703 4198 quaeritur,
727 4129 796 4170 non
814 4125 882 4170 esse
902 4112 1042 4170 autnon
1057 4120 1165 4192 posset
