2830 4712
504 167 509 202 l

598 240 670 307 ΝΕ.
744 214 748 232 ‘
980 245 984 256 ·
1118 249 1192 314 ss

103 417 295 481 Latinorum
312 411 462 476 maxime
478 409 513 474 lit
529 410 564 476 in
580 410 703 491 verbis,
728 431 810 498 quoe
826 409 897 497 ipsu
915 410 952 476 in
975 433 1011 479 ss
1034 413 1158 481 habent
1202 453 1209 468 ·

102 501 282 588 negolivcm
301 498 490 572 notionem,
512 496 793 582 quemadmodum
814 503 857 560 ιιι
874 495 989 564 deesse
1007 522 1070 585 pro
1087 501 1157 566 ud-

102 611 183 662 esse,
216 607 354 650 ncesse
377 583 416 646 in
440 582 556 668 aliquo
582 579 655 648 loeo
688 605 750 665 pro
771 580 902 654 abesse,
924 605 967 648 ae
990 584 1157 672 ignorare

100 673 278 758 prescire.
302 667 355 734 Ne
365 667 459 754 plus,
481 691 524 732 ne
539 669 652 734 miuus
669 691 710 734 cx
728 691 765 734 ec
777 666 905 734 ratione
922 668 1045 754 dicunt,
1057 693 1156 760 quem

103 758 316 824 declaravi'n.
334 760 364 818 2.

204 893 409 949 Tessuinus.
424 889 450 956 5,
464 887 490 956 4,
506 887 550 944 ll).
566 909 616 962 ego
629 891 717 962 pnite
730 909 780 963 pra
794 893 851 946 istis
866 893 944 948 dictis
959 902 983 948 et
993 896 1086 964 sactis,
1103 915 1158 952 sce·

157 981 219 1046 lus,
239 979 371 1042 ulciscar,
390 985 420 1030 ut
435 995 467 1029 ne
481 978 586 1046 impune
599 994 645 1030 nos
661 978 782 1032 illuseris.
799 979 818 1032 i.
834 995 859 1031 c.
882 995 945 1031 cum
966 996 1062 1048 poene.
1099 983 1157 1036 Cic.
1199 995 1202 1002 ’
1226 1027 1231 1034 .

161 1065 192 1118 in
211 1049 291 1116 vern
309 1061 336 1127 4,
351 1060 394 1114 63.
411 1069 467 1116 tum
483 1077 526 1113 ecs
547 1062 663 1114 hortatus
679 1077 752 1129 sum,
770 1069 800 1116 ιιι
816 1081 923 1117 caussae
936 1068 1065 1118 communi
1084 1069 1158 1120 salu-

162 1151 240 1217 tique
250 1165 285 1200 ne
300 1147 424 1200 deessent.
466 1145 550 1198 vetus
571 1145 634 1198 Son.
655 1147 734 1199 Cone.
752 1147 824 1215 apud
841 1145 953 1202 Sueten.
976 1149 1010 1202 cle
1034 1152 1117 1206 Rhct.
1132 1151 1157 1206 1.

161 1242 192 1286 ut
209 1241 316 1286 curaret
330 1259 366 1274 ·-
380 1229 518 1284 utllomae
532 1248 564 1283 ne
578 1239 668 1283 essent.
697 1249 724 1299 p.
740 1229 838 1300 Ligu,
852 1233 894 1288 ll.
912 1235 1057 1302 quidaliud
1070 1238 1158 1305 agis?
1247 1255 1251 1262 ·

162 1325 194 1370 ιιι
205 1318 306 1368 Rornae
322 1335 354 1369 ne
369 1317 430 1370 tit?
451 1316 565 1367 utdsmc
580 1313 692 1367 careat?
725 1330 751 1381 p.
764 1317 852 1367 Domo
870 1314 913 1381 lt,
930 1315 974 1370 44.
992 1321 1112 1386 iubentis,
1127 1328 1158 1375 ιιι

162 1403 203 1455 M.
223 1403 328 1454 Tullius
343 1402 370 1452 in
388 1401 493 1452 ciuitate
518 1415 553 1450 ne
573 1400 616 1451 sit.
653 1397 687 1448 dc
709 1397 772 1451 Nat.
797 1397 963 1464 d.1‚'t,1‘t.
988 1404 1035 1454 scd
1054 1411 1083 1457 ut
1106 1405 1157 1469 tte,

165 1487 211 1556 qui
235 1486 395 1549 intervenit,
419 1501 459 1538 me
479 1484 582 1552 intuens
604 1500 638 1534 ne
658 1483 783 1554 ignoret,
809 1500 875 1552 quae
902 1501 942 1539 res
962 1494 1077 1556 agatur,
1104 1494 1157 1544 otc.

87 1585 92 1592 ·
165 1571 290 1640 susem.
305 1568 350 1635 15,
365 1570 409 1624 38.
429 1570 483 1621 lata
496 1569 537 1620 lec
553 1575 605 1632 cst,
624 1584 658 1622 nc
680 1567 801 1634 auspicia
821 1567 955 1635 ualerent,
973 1588 1006 1625 ne
1029 1573 1086 1640 quis
1109 1574 1157 1626 ci-

172 1659 320 1719 nuntiaret,
339 1681 372 1694 -
390 1661 421 1706 ut
441 1655 554 1706 omnibus
566 1653 649 1718 fastis
665 1653 753 1704 dietus
768 1652 853 1721 legem
860 1655 933 1720 semi
946 1655 1051 1721 liceret,
1070 1667 1100 1713 ut
1117 1658 1159 1711 tes

174 1741 257 1804 Aelia,
274 1741 317 1791 lca
326 1739 405 1804 Fufia
414 1755 447 1790 ne
461 1739 567 1790 ualeret.
585 1737 618 1789 dc
635 1737 712 1790 Orat.
721 1736 749 1804 1,
757 1735 800 1800 29,
817 1735 876 1788 132.
896 1739 964 1792 illud
981 1742 1084 1810 wcqui
1095 1759 1158 1812 pcr-
1211 1785 1215 1792 .

171 1831 289 1888 sumt
312 1823 363 1886 s'is,
382 1839 448 1890 prce
461 1823 589 1886 deleant,
607 1823 704 1880 modice
718 1828 743 1873 et
761 1823 870 1874 sciendos
889 1831 1001 1878 utantur
1026 1822 1104 1880 et‘ut
1126 1843 1159 1881 ne
1211 1827 1216 1836 “

95 1962 101 1966 .
169 1909 296 1962 dedeceat.
336 1908 457 1962 Phacdr.
479 1906 505 1972 t,
520 1904 564 1970 24,
581 1903 622 1958 14„
648 1920 753 1970 ccrura,
779 1912 861 1958 utne
884 1907 953 1962 irato
974 1916 1000 1962 tc
1022 1910 1158 1964 ιιίιιιιιιιιιιι

167 1994 295 2055 sentiam,
322 1993 359 2044 ad
379 2008 485 2046 coenam
509 1991 575 2042 milri
598 1991 731 2060 promitte.
768 1989 876 2043 Gellius
900 1990 926 2057 5,
949 1993 991 2046 12.
1018 2012 1079 2050 mm
1098 1996 1158 2050 deas

165 2079 315 2146 quosdam,
337 2084 368 2130 ut
388 2079 555 2148 prodessent,
580 2075 757 2141 celebrabant,
776 2078 917 2144 quasdem,
935 2087 963 2140 ιι
983 2097 1016 2134 ns
1035 2081 1158 2144 starent,

104 2237 112 2256 Ι
160 2163 318 2232 placabant.

195 2262 262 2316 'cic
278 2260 376 2315 sadec.
386 2255 447 2324 5,1.
468 2275 519 2328 quo
533 2260 620 2328 magis
635 2260 681 2313 crit
696 2259 743 2312 tili
754 2263 902 2327 uidendum,
919 2264 1026 2333 nequid
1042 2265 1101 2316 noui
1110 2265 1156 2318 de·

163 2356 298 2426 cernuus,
314 2354 344 2399 ut
359 2347 407 2398 lroc
422 2352 540 2396 nostrum
556 2347 711 2398 desiderium
724 2363 757 2400 ne
768 2348 828 2417 ptus
840 2349 873 2401 sit
888 2363 994 2402 annum.
1012 2366 1037 2416 p.
1046 2349 1076 2402 C.
1085 2350 1156 2402 Rub.

67 2494 73 2500 .
162 2431 190 2497 3,
209 2429 237 2483 9.
254 2431 319 2500 quin
335 2431 413 2486 ctiam
430 2430 587 2498 suspiceres
602 2430 668 2482 nint
683 2431 840 2504 semilauta-m
862 2449 879 2484 a
893 2432 1004 2490 laclieua
1016 2435 1158 2502 praestitu-

161 2526 226 2571 tam
239 2531 300 2578 csse,
319 2523 350 2570 ιιι
364 2533 396 2567 ne
408 2516 488 2583 plura
501 2516 533 2566 de
547 2515 675 2582 pudicitia
688 2515 807 2568 dicerem.
829 2517 916 2568 Varro
931 2517 965 2574 (le
984 2517 1026 2568 Rs
1039 2535 1062 2568 r.
1078 2515 1104 2582 3,
1114 2515 1157 2580 lli,

163 2601 213 2655 at.
233 2599 460 2666 sisoccunclanda
481 2599 515 2650 sit
537 2599 629 2663 olcus,
654 2605 684 2650 ιιι
705 2601 811 2666 neptus
833 2603 916 2652 tertia
937 2616 1003 2668 pars
1028 2601 1158 2654 ecimatur

162 2687 259 2740 mellis.
294 2682 403 2736 cornel.
421 2681 519 2734 Thcm.
539 2681 565 2747 7,
587 2683 612 2734 3.
630 2683 714 2748 eisque
726 2685 874 2750 praedicit,
892 2691 922 2734 ιιι
938 2685 1059 2752 ueprius
1076 2687 1158 2738 Lace-

159 2769 360 2826 daemoniorum
380 2759 481 2836 legatos
497 2768 667 2830 dimitterent,
686 2781 765 2834 quam
786 2766 840 2836 ipse
857 2775 920 2819 esset
937 2769 1064 2820 remmus.
1099 2769 1158 2822 Cic.

162 2857 201 2908 dc
224 2846 286 2907 Fiuss
301 2852 328 2915 l,
343 2850 386 2916 2⁰,
406 2850 449 2903 tt.
466 2859 645 2914 cantantem,
666 2851 711 2919 qui
729 2850 834 2914 dicant,
848 2853 943 2917 foedus
960 2853 1090 2919 quoddam
1104 2872 1157 2908 csse

162 2939 333 3014 sapientum,
349 2944 380 2989 ut
396 2954 428 2990 ne
442 2938 527 2988 minus
541 2937 638 2988 amicos
657 2945 734 3004 quam
750 2951 775 2988 sc
793 2936 862 3005 ipsus
878 2935 1001 3005 diligant.

96 3100 128 3158 2,
164 3090 317 3156 Alterum
350 3107 452 3174 genus
488 3085 616 3152 dicendi
645 3087 728 3152 illud
758 3095 826 3164 est,
859 3087 894 3150 ic
925 3105 992 3172 quo
1024 3101 1066 3151 ne
1098 3091 1156 3154 uni
1226 3117 1229 3122 >

97 3179 193 3242 alicui
215 3173 343 3238 nomini
366 3195 442 3238 cum
466 3194 503 3236 ec
525 3174 645 3238 maiori
671 3179 834 3256 potestate
858 3171 1027 3252 adiicitur,
1056 3193 1155 3259 quam
1206 3223 1213 3238 ,

98 3263 203 3344 hebet·
226 3261 258 3323 in
276 3257 423 3323 formula
439 3258 706 3346 aessqrtidem.
747 3257 1026 3341 Exprimite'nim
1053 3281 1155 3345 nega·
1258 3326 1260 3328 ,

98 3353 230 3413 tionem
248 3345 431 3432 graviorem
456 3355 511 3407 out
536 3345 746 3444 oppositione
771 3342 907 3407 alimum
928 3363 1039 3407 recum
1057 3345 1156 3408 oduu-
1222 3359 1226 3366 ’

98 3447 210 3506 ctam,
232 3453 330 3517 quum
348 3453 409 3493 nos
433 3431 591 3494 Germam
617 3432 686 3494 aliis
705 3429 874 3514 particulis
899 3427 1080 3514 significare
1098 3454 1156 3494 so-

96 3521 233 3592 lemnn,
269 3537 373 3601 quum
398 3516 536 3579 dicimus
560 3538 632 3604 gur
654 3516 764 3590 nictu,
786 3515 823 3602 ja
846 3514 959 3596 niclrt,
985 3514 1156 3580 durclcaus

97 3599 218 3682 nicht,
238 3603 288 3666 vel
305 3613 438 3665 accentu
460 3622 632 3686 gravamus
650 3601 754 3664 nicltt.
774 3611 779 3628 ¹

206 3721 297 3774 Plaut.
311 3719 398 3775 Merc.
415 3720 440 3784 5,
456 3721 481 3785 ὃ,
498 3721 523 3774 5.
542 3731 568 3774 at
583 3740 635 3791 ego
651 3719 867 3792 expurgationem
881 3720 990 3782 habebo,
1007 3725 1036 3771 ut
1051 3735 1083 3770 ne
1098 3737 1156 3788 suc,-
1206 3757 1209 3760 -
1276 3693 1279 3700 Ι

168 3815 283 3860 censeat.
317 3807 362 3859 As.
379 3805 407 3870 3,
421 3803 447 3869 3,
465 3805 524 3857 128.
544 3806 601 3857 licet
618 3807 722 3856 lcrrdem
737 3803 894 3866 Fortunam,
914 3811 1001 3855 tamen
1019 3810 1047 3855 ut
1061 3821 1093 3856 ne
1104 3805 1156 3868 Sa-

168 3891 251 3942 lutem
267 3893 376 3959 culpem.
413 3893 490 3958 Cupt,
504 3889 530 3954 2,
545 3887 571 3953 2,
588 3887 630 3941 lt.
648 3906 680 3939 ne
695 3889 722 3939 id
738 3891 838 3956 quidem
851 3887 976 3939 involucri
992 3887 1095 3940 iniicere
1110 3880 1155 3941 col

168 3974 238 4036 luit,
256 3983 349 4026 venem
368 3983 397 4026 ut
412 3993 443 4026 ne
459 3975 583 4041 inquinet.
596 3973 618 4038 j.
637 3981 661 4026 θ’.
680 3966 739 4038 dass
761 3989 789 4022 er
801 3971 835 4036 ja
859 3971 932 4022 niclrt
948 3971 995 4022 dos
1011 3971 1091 4024 Ktett
1112 3974 1155 4024 bc-

167 4057 263 4114 scaete
295 4059 407 4112 Terent.
419 4059 488 4113 Hcc.
502 4051 564 4125 1‚2,
578 4056 620 4112 30.
638 4075 729 4127 nempe
739 4075 771 4111 ea
786 4061 886 4117 caussa,
905 4062 935 4110 ut
948 4073 980 4108 ne
990 4057 1044 4124 fiat
1053 4057 1153 4126 palam,

142 4141 869 4228 1v.'„.s
