2894 4716
608 237 728 312 aorn
839 185 841 193 ¹
1123 249 1189 320 ιιι
1226 350 1229 356 .

135 417 250 486 Vosrii
264 437 301 504 p.
320 415 394 482 tto.
434 409 690 492 11ιι1ιιι1ιιιιὶιιιιι,
717 409 1035 498 qni-Quintilianum
1066 440 1189 508 eoque-

135 507 249 586 batar,
267 501 311 566 ob
326 499 466 567 nimiam
482 500 691 564 severitatem
709 497 909 582 castigabant
924 498 1100 569 Frotsoher
1116 507 1188 575 alii·
1367 521 1374 554 l
1439 501 1440 510 ¹

137 614 223 680 que:
247 599 357 652 tumen
374 587 447 673 ipsu
464 585 591 670 regola,
616 605 701 670 qnae
718 604 800 648 vere
814 595 871 662 est,
882 605 962 652 nou
985 588 1114 657 tollitur
1128 617 1188 660 ex·

82 749 84 755 ,
139 675 313 763 ceptione,
335 695 397 736 neo
414 671 610 735 multarunt
626 668 788 756 exemplo,
808 689 891 756 quae
908 672 948 738 ab
965 695 1001 738 ea
1017 679 1189 746 recedunt.
1211 716 1216 732 ·

137 766 248 849 Atque
266 769 400 846 portua,
426 767 464 821 ut
481 757 691 843 negotionem
708 765 873 834 reuerent,
903 779 946 822 ex
969 761 1095 848 volgari
1118 789 1190 831 sor·
1237 825 1239 830 .

137 869 242 914 mone
259 845 427 909 interdum
454 842 623 907 admisisse
653 839 822 918 videntur,
850 861 933 928 quae
956 852 1191 932 grammaticae

138 932 264 1000 rationi
281 927 521 1018 repugnabant.
545 929 608 993 Sed
626 925 812 1028 perlectum
830 928 1040 1012 coniunctivi,
1057 939 1190 1022 qnando

138 1018 280 1107 optativi
304 1013 374 1081 rice
400 1013 563 1100 fungitur,
594 1025 693 1078 etrum
717 1011 804 1100 apud
820 1013 985 1100 ¹optimos
1009 1017 1190 1108 scriptores

139 1105 335 1174 adiunctum
358 1099 457 1166 habet
482 1122 562 1165 non.
613 1097 650 1164 lu
677 1101 906 1184 ratisponae
933 1100 1098 1170 interdum
1120 1132 1191 1176 nan

139 1191 307 1267 dixerunt,
328 1196 360 1251 et
374 1185 430 1250 ubi
446 1185 698 1280 coniunctivumx
711 1206 775 1274 pro
792 1183 907 1250 futuro
924 1201 1120 1278 posuerunt.
1141 1195 1192 1264 De

136 1277 280 1344 utinam
304 1295 373 1338 non
399 1271 473 1336 vida
489 1293 524 1359 p.
546 1275 599 1338 39.
820 1287 822 1292 “

244 1391 424 1446 Remoraurla
448 1395 513 1444 aaut
535 1391 660 1458 exempla
686 1389 758 1444 talen
780 1395 830 1444 aut
851 1389 950 1456 dubia,
984 1399 1033 1448 aut.
1052 1410 1069 1448 ι
1091 1397 1193 1456 aritiair

191 1479 286 1534 ‘mala
301 1483 426 1546 aoaapta.
462 1473 540 1544 Apud
563 1475 704 1528 Catullum
726 1473 770 1542 66,
791 1473 835 1528 81.
853 1475 984 1544 quidquid
1007 1485 1142 1536 statuatur
1158 1485 1194 1539 «la

211 1563 371 1633 depravatio
386 1561 490 1630 verbio,
505 1565 583 1614 ‘uerte
597 1561 709 1629 negatio
723 1579 774 1614 uon
787 1577 851 1612 oum
868 1562 954 1615 varino
970 1567 1066 1618 tradite
1080 1585 1134 1622 nou
1152 1575 1195 1625 art

209 1648 407 1720 ooninngaurla.
444 1647 524 1702 oeta.
543 1664 576 1700 ax
593 1647 680 1699 Ponto
693 1645 727 1712 1,
742 1645 769 1710 2,
783 1645 844 1700 195.
868 1665 922 1700 non
936 1651 1019 1718 petito
1036 1657 1064 1702 nt
1077 1653 1137 1706 lene
1150 1655 1195 1722 rit,
1306 1677 1310 1686 ¹

154 1743 158 1758 '
210 1735 255 1788 reri
270 1736 308 1788 nti
326 1735 396 1788 male
419 1733 511 1786 ratim.
528 1732 693 1798 corruptum
714 1747 775 1783 eree
797 1731 872 1784 huna
891 1732 984 1786 lorum
1003 1735 1128 1791 oodiouru
1143 1755 1195 1794 va-

111 1877 117 1882 ,
211 1818 297 1872 riotar
314 1823 454 1872 monstrat.
483 1817 599 1886 Legitur
616 1817 691 1868 euim
706 1814 734 1872 iu
748 1815 782 1869 iir
800 1835 853 1870 nan
873 1825 956 1886 poter,
975 1823 1115 1890 perperit,
1140 1842 1195 1879 aaa

210 1912 270 1974 pete
284 1905 369 1974 paud.-
395 1903 424 1956 in
449 1903 508 1954 ood.
534 1903 647 1973 gathan.
670 1920 715 1956 neo
735 1903 802 1972 petia
823 1909 861 1956 nt.
894 1901 967 1958 lllud
989 1923 1043 1958 uon
1055 1910 1138 1976 petito
1158 1909 1195 1964 alr

212 1989 329 2042 Heinsio
344 1994 385 2042 ert
399 1989 511 2042 foetam.
547 1987 698 2056 Eleganter
712 1985 847 2048 Rororiur
871 2006 921 2040 aon
941 1989 1053 2058 petimur
1071 1994 1131 2048 tana
1153 1997 1196 2050 ait.

212 2074 255 2127 De
269 2075 397 2128 loooArt.
410 2087 465 2126 am.
482 2072 509 2138 3,
522 2071 583 2125 129.
601 2072 664 2125 vide
684 2089 710 2139 p.
723 2071 767 2124 39.
791 2070 823 2124 Iu
840 2071 955 2126 Heroid.
971 2073 1012 2138 17,
1027 2074 1088 2134 lot.
1102 2081 1147 2134 red
1164 2088 1195 2136 tn

212 2176 266 2210 non
287 2159 345 2211 ideo
366 2167 461 2212 runata
481 2159 556 2212 liuere
575 2166 658 2227 patu:
681 2155 871 2226 coniungenda
889 2161 1051 2214 uuutverba
1063 2156 1197 2232 pntu'aon

214 2243 274 2296 ideo
289 2243 376 2296 omnia
392 2245 487 2298 lirare.-
515 2240 557 2294 uti
571 2244 668 2296 Horat.
686 2241 773 2310 Epirt.
787 2243 813 2310 l,
826 2242 852 2308 1,
866 2241 909 2295 29.
925 2263 975 2298 non
991 2253 1077 2298 tumen
1098 2249 1197 2305 idcireo

215 2336 366 2382 contemnar
399 2329 486 2398 lippae
506 2327 610 2396 inungi.
634 2325 776 2380 Acidaliae
797 2325 824 2380 in
849 2327 945 2380 Plauti
969 2329 1034 2383 Ciat.
1060 2329 1087 2396 2,
1111 2331 1137 2402 3,
1153 2335 1196 2392 29.
1234 2351 1243 2372 ·

215 2411 334 2465 oonieeit
348 2431 401 2466 non
416 2430 494 2465 mane
508 2411 568 2474 tta,
591 2410 637 2464 uli
653 2415 707 2464 eto.
742 2411 798 2464 Sed
813 2411 901 2465 oratio
917 2412 1109 2482 interpellante
1120 2419 1196 2475 Phu-

211 2502 336 2554 uoatrata
359 2514 413 2550 non
442 2493 611 2556 obnubitur,
647 2500 679 2548 ut
699 2495 870 2549 derideretur
889 2498 1019 2553 verituma
1053 2517 1105 2555 nan
1125 2508 1197 2561 natm

215 2583 320 2638 irio-.
349 2583 461 2635 Terent.
476 2582 545 2634 ileo.
563 2576 628 2644 at,
644 2579 671 2632 l.
687 2598 737 2632 non
755 2581 834 2634 viror.
875 2578 919 2631 lbi
943 2583 1086 2637 Bentleiua
1116 2597 1198 2644 acuta

214 2665 353 2737 perspexit
376 2664 601 2735 interrogationis
618 2664 769 2730 rationem,
797 2680 880 2732 quam
899 2662 973 2718 inira
988 2663 1015 2718 iu
1032 2685 1130 2723 uonna
1149 2691 1198 2727 ox-

213 2768 329 2822 porram:
348 2751 465 2805 Bothiur
480 2756 601 2804 montom
617 2748 766 2803 doatiauimi
789 2747 880 2802 aritioi
896 2765 950 2802 nou
972 2747 1132 2820 assequutus
1148 2764 1198 2814 eet·

117 2897 121 2906 .
217 2837 374 2895 onaan.
393 2855 447 2892 aru.
463 2837 489 2903 1,
505 2837 574 2890 3892
592 2845 638 2890 aat
655 2855 707 2889 non
721 2835 833 2890 tentarit
847 2841 895 2886 nat
907 2837 1012 2904 perfice.
1037 2838 1128 2906 Etiam
1143 2843 1198 2897 hoo

216 2921 327 2994 roripait
340 2922 481 2989 Ηιίιιιίιιι,
495 2939 549 2976 uon
565 2921 689 2976 Ovidius.
712 2920 744 2974 ln
760 2917 853 2974 Taciti
866 2918 938 2973 mat.
955 2921 999 2974 lt.
1014 2925 1198 2992 quartanda-

216 3006 272 3062 lior
286 3008 442 3063 coniecerat
456 3027 488 3063 aa
501 3008 623 3062 dividatir
637 3006 832 3063 oonlirmarunt
844 3005 961 3062 ooalioer.

252 3134 337 3190 Laut.
351 3135 434 3189 Valla
454 3140 531 3189 reate
558 3132 716 3190 observavit
749 3134 877 3202 Elegaut.
892 3131 919 3198 3,
933 3132 977 3185 28.
994 3136 1199 3202 prohibitivum

218 3237 252 3272 ιιι
268 3237 321 3273 non
338 3237 403 3274 oum
419 3219 591 3274 coniunctivo
606 3219 711 3288 primae
727 3215 869 3286 perronae,
884 3217 940 3272 uiui
955 3237 1005 3288 pro
1029 3229 1059 3275 nt
1076 3230 1133 3302 nori
1151 3224 1198 3290 rit,

218 3304 357 3374 coniungi,
378 3305 427 3357 aed
441 3304 496 3357 dici
510 3324 562 3360 non
576 3306 694 3369 timeam,
708 3321 758 3356 nun
775 3321 874 3374 sperem
896 3321 945 3370 pro
962 3303 1068 3374 timere,
1084 3291 1200 3378 aparatio

218 3407 273 3444 uon
295 3407 416 3458 possum,
431 3398 545 3444 autnon
563 3390 659 3442 debeo.
677 3386 775 3458 Pergit
788 3388 851 3444 illet
869 3388 930 3454 „ita
944 3389 971 3442 in
991 3389 1053 3445 aliia
1066 3392 1199 3461 perronio,

220 3481 252 3528 nt
266 3474 340 3528 idem
358 3475 545 3543 Quintilianus
559 3494 609 3528 noa
623 3482 764 3544 exspectes,
781 3481 813 3528 nt
831 3475 922 3528 rtatim
935 3478 1041 3546 gratior
1053 3486 1133 3548 agat,
1155 3478 1201 3548 pai

219 3569 332 3615 conatur
348 3558 461 3628 invitae,
482 3560 509 3612 it
532 3565 582 3626 est,
611 3567 770 3627 exspectare
793 3575 845 3612 nou
868 3560 960 3616 deber.
991 3561 1050 3616 Non
1066 3563 1140 3616 euim
1165 3579 1204 3618 eo
1305 3548 1307 3558 ¹

220 3646 302 3700 modo
318 3645 400 3711 dixit,
425 3663 486 3716 quo·
504 3644 597 3696 dicere
622 3647 757 3710 solemne,
781 3661 865 3711 quum
888 3651 1022 3713 Ιιιιιιιιιιιι,
1046 3665 1078 3702 ue
1093 3665 1135 3700 ιιι
1154 3664 1201 3702 ru·

219 3738 318 3802 rpeatea
334 3733 455 3800 amptius.
482 3729 536 3784 llio
552 3731 625 3782 euim
643 3729 755 3799 negatio
770 3735 828 3796 eet,
847 3747 901 3784 aon
919 3727 1052 3784 vetatio.“

256 3837 329 3892 Pliu.
346 3839 472 3908 Elaia-8,
489 3837 534 3904 19,
549 3839 575 3894 9.
595 3839 705 3910 proinde
720 3841 774 3894 'iroa
794 3846 820 3894 ta
840 3858 893 3894 aon
916 3846 1038 3905 ιιιιιιι,
1066 3836 1090 3890 ai
1115 3841 1204 3893 oeteo

221 3941 275 3978 noa
299 3929 480 3996 refragantur.
504 3923 523 3978 i.
542 3941 567 3976 ι.
592 3939 646 3980 uon
667 3928 708 3978 eet
734 3923 806 3992 quoa
824 3925 879 3978 hoo
898 3930 926 3978 ta
938 3929 1056 3976 moveat.
1090 3921 1150 3980 (iia.
1171 3937 1226 3992 pu

222 4009 331 4084 cluent.
349 4009 392 4077 51,
411 4010 472 4065 155.
488 4011 589 4064 interea
605 4011 724 4080 patara,
740 4025 786 4080 per
801 4009 861 4064 deor
875 4009 1048 4073 immortales,
1076 4007 1201 4077 paonim

223 4095 311 4152 orario
324 4099 459 4152 ιιιιιιιεὶι
478 4103 582 4162 nostra,
596 4097 676 4163 ιιἰιιι,
695 4097 850 4160 Uiuiano,
873 4093 983 4149 raiatetn
1002 4092 1110 4164 ιωὶιιιι
1130 4091 1201 4167 iegi-
