2830 4712
143 281 147 292 ’
239 325 283 388 aa
453 359 456 363 -
585 310 694 387 riu:
736 315 807 385 ur.
848 270 955 385 anuax

128 536 132 542 -
242 487 379 569 borum,
391 490 475 579 peri
488 489 647 577 ingenio,
671 490 759 555 satia
774 485 955 577 prouidus,
974 483 1055 552 belli
1068 487 1166 552 tacu
1186 475 1297 578 igine-

59 580 64 594 *
242 597 312 644 rua.
355 576 509 640 Latinum
527 574 659 640 dicendi
681 574 823 640 modum
838 593 955 638 vereor
970 592 1014 636 ne
1029 593 1297 662 corrumpamus,

242 662 271 726 si
285 661 453 728 Kritzium
478 662 608 748 sequuti
630 662 665 726 iu
688 660 794 727 verbis
813 657 955 746 patiens
972 657 1129 724 laborum
1150 663 1298 749 particu-

204 825 211 833 ,
242 747 310 814 lam
325 769 410 812 nam
425 745 688 812 substituendam
705 758 871 835 putemus.

325 893 357 952 2.
382 887 461 951 Non
486 889 558 952 sine
573 908 684 952 caussa
700 885 871 952 Herbstius
897 883 942 950 ad'
964 883 1105 966 Quintil.
1128 889 1226 968 10,1,
1246 892 1297 953 18.

243 983 371 1055 monet,
394 973 584 1061 saepissime
609 973 797 1038 orationem
823 996 840 1036 a
865 971 1060 1060 compositis
1084 969 1192 1035 verbis
1213 995 1299 1038 nam

170 1130 173 1134 ,
245 1068 337 1122 et-
352 1070 386 1126 et
401 1059 489 1125 duci.
540 1058 583 1123 Et
609 1056 710 1124 affert
733 1056 899 1146 permulta
922 1055 1074 1143 exempla
1099 1055 1298 1136 Quintiliani

243 1141 463 1232 aliorumque.
507 1144 630 1210 Caussa
656 1166 734 1212 vero
752 1145 787 1209 in
805 1165 844 1222 eo
871 1151 921 1208 clt
948 1145 1074 1231 posita,
1098 1142 1188 1228 quod
1213 1167 1296 1211 rrum

245 1229 286 1294 ad
311 1242 417 1296 totam
444 1229 641 1296 sententiam
674 1231 843 1319 pertinens
873 1239 1050 1314 utramque
1070 1228 1139 1293 eius
1168 1242 1299 1317 partem

166 1373 168 1384 .
245 1315 442 1384 disiunctum
468 1316 710 1405 complectitur.
765 1315 895 1384 Eodem
919 1316 1023 1383 modo
1047 1330 1299 1402 componuntur

242 1425 635 1492 numaeque-neque.
1156 1439 1158 1444 ,

359 1523 418 1579 cte.
433 1523 512 1576 Brut.
526 1521 601 1587 1,1.
625 1537 688 1574 oum
700 1527 727 1574 ct
742 1522 830 1575 cartae,
840 1521 936 1574 umbro
952 1547 987 1562 ·-
1003 1520 1138 1586 videtum,
1156 1527 1183 1574 ct
1194 1549 1232 1560 -
1250 1515 1299 1575 ἆσέ
1390 1554 1393 1570 .

224 1664 226 1668 .
312 1608 416 1664 labam.
441 1605 496 1673 26,
514 1607 575 1661 100.
611 1603 722 1661 caeam
769 1609 784 1656 .’
797 1606 866 1675 gall.
884 1604 918 1678 7,
932 1605 977 1660 61.
1000 1623 1063 1660 uum
1079 1612 1107 1658 et
1123 1607 1250 1674 praeridit
1264 1635 1298 1647 -

314 1694 421 1758 relicto,
439 1700 464 1746 et
476 1711 566 1763 porca
581 1710 662 1745 mauu
682 1607 823 1776 -sstmc
858 1689 973 1772 Quintil.
989 1689 1040 1758 11,
1054 1689 1089 1754 1,
1105 1688 1149 1744 68.

358 1793 473 1864 Quintil.
487 1793 537 1859 10,
557 1792 589 1860 6,
603 1793 631 1846 6.
647 1810 712 1846 uum
726 1809 807 1861 oeque
821 1810 922 1863 semper
931 1798 973 1845 'est
987 1795 1177 1862 desperandum
1189 1821 1240 1862 —,
1256 1813 1302 1848 ne·

313 1896 362 1949 quc
377 1882 441 1934 acea
454 1880 567 1932 binnam
583 1907 616 1920 -
634 1886 733 1956 patrue
748 1879 921 1948 abnuentium
933 1877 1010 1944 fecit.
1045 1875 1072 1944 8,
1087 1875 1114 1942 ll,
1127 1877 1153 1932 9.
1172 1877 1199 1944 2,
1213 1877 1240 1946 b,
1256 1880 1301 1932 21.

327 2019 359 2081 8.
387 2015 546 2082 Auctores
563 2013 753 2100 inquinatae
768 2010 938 2079 latinitatis
956 2012 992 2076 in
1007 2011 1104 2089 huius
1118 2013 1302 2106 particulae

246 2117 309 2163 usu
325 2101 543 2190 negligentius
562 2099 788 2181 versabantur,
808 2108 841 2163 ct
856 2097 909 2162 ubi
926 2095 996 2163 aliis
1016 2108 1085 2164 erat
1103 2101 1303 2166 continuan-

246 2183 287 2252 da
305 2189 425 2267 oratio,
447 2209 531 2252 nam
548 2183 816 2278 interponebant.

359 2307 496 2376 Epistol
512 2309 590 2362 Brut.
604 2307 630 2360 u.
650 2306 762 2360 cernulus
778 2306 858 2368 daca,
878 2305 956 2359 bouus
977 2304 1096 2373 uiridem,
1114 2306 1161 2358 sed
1175 2307 1303 2360 numerat

286 2391 391 2446 'boam
407 2393 549 2445 aunisimau.
582 2391 690 2444 Hirtius
712 2393 814 2459 quidem
836 2391 942 2460 inipso
965 2391 1073 2444 uictoria
1090 2392 1200 2455 occidit,
1224 2409 1303 2460 quum

312 2480 405 2546 paucis
420 2480 509 2531 diebus
527 2494 627 2546 suagrio
645 2476 825 2546 praelineata
846 2475 955 2528 uicisset.
988 2477 1058 2529 Nam
1074 2477 1167 2530 Pausa
1178 2478 1303 2546 fugerat,

316 2565 466 2617 uolonibus
489 2563 618 2632 acceptis,
644 2554 710 2630 quae
722 2564 798 2628 serre
816 2578 866 2612 oon
889 2561 984 2629 potuit.
1017 2560 1188 2614 Modestinus
1208 2559 1236 2612 iu
1252 2559 1304 2614 ui·
1399 2559 1400 2608 i

314 2653 385 2718 gart.
399 2647 450 2712 60,
468 2645 645 2712 16,161,6.
672 2664 763 2699 cerum
776 2652 829 2710 est,
846 2647 965 2698 morbum
987 2663 1039 2703 esee
1060 2648 1227 2716 temporalem
1247 2663 1304 2698 cor-

312 2735 384 2802 poris
397 2732 619 2796 imbecillitatem,
635 2732 728 2785 uitium
750 2748 813 2784 uero,
825 2737 980 2799 perpetuum
1002 2733 1114 2800 eorporis
1131 2733 1305 2801 impedimen-

314 2823 389 2884 tum,
406 2819 489 2872 ueluti
507 2817 530 2869 si
544 2818 627 2869 talum
641 2815 763 2884 cacavit.-
784 2831 848 2874 num
863 2823 887 2868 ct
901 2815 986 2866 luscus
998 2815 1086 2884 utique
1100 2818 1203 2870 obiam
1217 2826 1262 2872 ert.

177 3012 180 3032 ,
244 3027 246 3032 ,
329 2953 361 3034 *)
396 2951 594 3036 Saepissime
615 2973 633 3014 a
655 2949 799 3015 librariis
827 2957 1047 3014 commutatae
1074 2960 1152 3016 sunt
1176 2951 1250 3016 ium
1272 2961 1306 3017 et

243 3035 341 3100 'nam.
369 3037 423 3102 vd.
438 3036 579 3103 Miscell.
597 3035 678 3099 Obs.
695 3033 738 3100 T.
759 3042 788 3100 1.
812 3056 845 3122 p.
867 3040 941 3102 208.
985 3033 1148 3101 Schwarz.
1165 3036 1205 3100 ad
1222 3037 1305 3102 Plin.
1325 3084 1332 3090 -

247 3119 328 3184 Pau.
351 3145 385 3212 p.
402 3126 477 3189 524.
520 3120 776 3188 Drakenborch.
800 3120 840 3185 ad
857 3121 928 3185 Liv.
945 3121 976 3197 5,
994 3121 1047 3201 51,
1064 3126 1092 3185 6.
1124 3122 1236 3187 Heius.
1263 3121 1306 3186 ad
1397 3165 1398 3168 =

249 3205 347 3280 Ov'ld.
370 3207 452 3276 Mel.
468 3213 499 3286 8,
523 3211 598 3274 850.
621 3206 764 3272 Ellendt.
784 3206 826 3271 nd
845 3208 913 3275 Cic.
936 3203 1027 3270 Brut.
1051 3211 1193 3284 43‚159.
1216 3206 1306 3274 Bur·
1397 3207 1398 3216 ¹

155 3361 159 3368 ,
248 3293 421 3372 maamad
438 3292 577 3358 Antbol.
598 3299 627 3360 1.
648 3317 683 3382 p.
699 3297 774 3358 220.
796 3302 827 3356 et
842 3315 923 3374 non,
945 3314 1016 3356 nec.
1049 3293 1306 3360 Drakenborch.

248 3377 375 3444 ad‘Liv.
390 3383 421 3458 8,
437 3385 490 3460 27,
508 3385 540 3444 2.
563 3381 723 3444 Garaton.
743 3376 784 3443 ad
801 3378 869 3445 Cic.
884 3377 998 3466 p.Mil.
1010 3384 1039 3442 1.
1051 3401 1145 3445 uam
1160 3392 1190 3444 ct
1200 3402 1306 3445 num-

135 3465 141 3482 ‘
271 3483 322 3564 ue.
360 3463 532 3531 Drakeub.
557 3465 599 3530 ad
626 3466 697 3565 biv,
720 3467 759 3544 7,
788 3468 849 3541 28,
871 3470 905 3530 7.
937 3463 1105 3532 Walther.
1132 3466 1173 3532 ad
1196 3464 1305 3531 Tacit.

308 3559 333 3615 t.
354 3557 395 3633 8,
416 3553 468 3617 42.
952 3556 957 3567 ’
1016 3609 1019 3613 .
1167 3549 1169 3562 ⁴

571 3672 724 3792 'uu
781 3707 947 3794 Nau.

332 3887 575 3992 Affirmativam
598 3889 797 3978 particulam
818 3912 861 3955 ne
883 3911 961 3990 curn
969 3889 1106 4040 ¹{raucis
1129 3892 1180 3956 vul
1208 3903 1240 3957 et
1266 3891 1308 3974 νὴ

144 4004 186 4139 a
248 3977 712 4131 1111111011
749 3987 1309 4129 uuruuuuuuu
1394 4007 1395 4088 ³

127 4156 171 4239 χ’·
246 4087 717 4238 ,diversam'slgnificauonam
739 4159 772 4216 et
789 4147 833 4214 ob
851 4109 1082 4217 auctoritbtem
1097 4107 1221 4216 boalia·
1243 4170 1308 4214 ne·
1342 4157 1353 4170 ·
