2858 4714
589 31 598 60 Ι

508 281 617 350 aaa.
650 233 815 366 naevis.
1152 293 1196 374 ⁹³,

121 463 279 540 etsaepe
303 474 325 518 a
348 441 571 540 scriptoribus
592 453 692 520 ctiam
716 463 919 520 commutata
941 466 1030 522 sunt.
1082 457 1195 539 Quare

120 538 343 628 grammatici
364 533 502 625 plurimi
516 551 645 606 tantum
665 541 706 605 ad
729 539 876 606 formam
897 554 1118 629 respexerunt
1141 555 1194 610 at-

123 649 187 714 que
215 627 433 704 docueruut,
462 636 538 690 ante
561 626 866 714 succlamamus,
899 639 975 693 ante
999 650 1194 712 consonan-

122 725 191 799 tem
209 734 274 777 nec
291 711 399 799 ponis
425 711 478 776 alii
497 734 577 777 vero
593 713 698 800 magis
723 723 834 794 caute,
858 736 920 780 nec
932 736 1001 778 000
1020 716 1101 802 poni
1118 728 1194 782 ante

121 799 298 866 vocalem:
351 793 401 859 Ita
424 798 605 864 Hermann.
637 799 669 861 iu
697 796 801 884 prael.
831 799 872 863 ad
903 799 1010 865 Plauti
1036 801 1194 869 Trinum-

123 909 162 974 p.
195 888 250 949 14.
290 896 500 968 repugnante
531 882 720 948 Hennickio
750 887 784 948 iu
814 883 1030 970 Ephemcrid.
1066 886 1193 956 leucus.

124 973 226 1038 1805.
248 969 296 1034 Τ.
315 973 348 1032 3.
367 992 401 1054 p.
416 973 490 1036 579.
535 969 697 1033 Obbarius
714 970 746 1036 in
765 967 869 1034 lahnii
887 971 1003 1037 Annal.
1020 971 1195 1072 Supplem.
1278 1013 1283 1021 -

122 1057 170 1122 Τ.
198 1063 230 1122 1.
260 1077 298 1142 p.
319 1057 422 1118 402.Ι
454 1055 517 1120 Alii
550 1065 725 1144 poetarum
757 1055 955 1142 interpretes
979 1060 1014 1123 in
1037 1063 1194 1124 varietate

124 1143 323 1220 formarum
364 1140 556 1226 elegantiam
591 1141 769 1227 quamdam
806 1146 999 1230 cognovisse
1040 1145 1102 1210 sibi
1133 1147 1193 1212 visi

125 1239 217 1294 errat.
262 1224 315 1290 Cf.
333 1225 472 1291 Baebius
490 1225 530 1290 ad
544 1226 635 1316 Eleg.
651 1249 740 1292 rom.
765 1249 795 1314 p.
813 1231 865 1292 94.
910 1230 989 1292 Post
1004 1229 1192 1294 Lachman-

124 1336 225 1392 num,
245 1313 303 1398 qui
323 1311 407 1374 dixit
423 1311 464 1375 de
480 1311 541 1376 bac
556 1335 592 1376 re
609 1311 648 1378 ad
661 1313 811 1400 Propert.
823 1316 854 1391 5,
870 1314 900 1385 5,
919 1318 973 1380 50.
999 1315 1190 1402 Wagnerus

126 1404 163 1465 in
188 1401 325 1481 Quaest.
349 1398 466 1484 Virgil.
491 1403 543 1463 32.
570 1421 602 1486 p.
621 1400 693 1462 525.
717 1419 936 1484 magnacum
966 1401 1136 1488 diligentia
1160 1413 1194 1468 et

127 1486 255 1572 ingenii
271 1483 446 1569 sagacitate
469 1505 565 1547 usum
586 1483 711 1571 Virgilii
736 1495 767 1548 ct
782 1485 953 1548 Ciceronis
970 1486 1004 1550 in
1028 1487 1120 1552 libris
1144 1489 1193 1553 rei

128 1572 285 1660 publicae
302 1567 508 1657 investigavit
524 1579 622 1663 atque
641 1581 817 1658 praecepta
841 1569 986 1635 confecit
1006 1569 1107 1637 haec:
1130 1596 1193 1639 nec

134 1658 252 1724 fortius
271 1665 310 1720 et·
323 1657 453 1742 gravius
482 1679 568 1734 esse,
591 1677 697 1743 neptae
722 1656 857 1720 mollius
884 1667 914 1722 01
936 1657 1063 1722 lenias:
1085 1681 1192 1746 neque
1243 1707 1248 1718 .

138 1743 270 1808 similius
300 1763 368 1805 esse
393 1741 581 1829 germanico
613 1741 686 1806 und
717 1741 830 1824 rzicbt,
867 1743 955 1806 aava
990 1745 1102 1823 nicht,
1130 1767 1193 1808 nec

135 1830 235 1915 magis
249 1827 454 1912 respondere
472 1827 631 1892 vocabulo
654 1829 759 1892 noclrr
781 1839 942 1913 et-squum
963 1849 1066 1892 sonus
1089 1831 1193 1916 parti·

134 1918 221 1981 culae
239 1913 359 1977 durior
378 1925 535 2001 sequente
553 1913 658 1982 vocali
682 1913 811 2000 gravius
834 1915 884 1977 ad'
900 1936 994 1980 aures
1020 1915 1192 1997 accideret,

130 2003 315 2091 praelatam
338 2021 406 2064 esse
422 2007 497 2064 ante
515 1999 663 2064 vocalem
690 1999 881 2064 molliorem
905 1999 1051 2066 formam
1074 2019 1192 2089 neque,

129 2111 213 2176 quae
236 2096 315 2150 'tante
339 2107 521 2150 consonam
546 2087 654 2174 posita
689 2086 788 2150 eliam
818 2084 1006 2152 orationem
1037 2087 1192 2152 redderet
1217 2113 1221 2122 ·

127 2175 313 2240 lenioremr
338 2195 435 2260 saepe
451 2181 580 2250 tamen,
603 2171 661 2235 ubi
676 2193 727 2235 res
744 2171 865 2249 ferret,
889 2184 946 2238 aut
961 2173 1036 2237 soni
1057 2175 1191 2238 suavio-

126 2262 173 2326 ris
198 2279 298 2322 causa
333 2279 405 2322 eam
429 2255 574 2322 formam
607 2255 784 2321 admissam
814 2279 902 2339 csse,
939 2280 1022 2344 quae
1047 2259 1192 2324 orationi

126 2368 196 2412 non
219 2345 434 2420 conveniret,
459 2353 514 2407 aut
530 2343 708 2408 sententiae
723 2343 843 2428 gratia,
868 2363 950 2430 quae
970 2365 1192 2412 numerorum
1212 2417 1216 2424 ,

87 2509 94 2518 ¹
128 2431 312 2518 elegantiae
328 2453 399 2492 non
416 2429 510 2516 plane
534 2439 749 2518 congrueret:
772 2429 915 2516 denique
934 2431 1074 2518 exponit
1101 2429 1192 2517 apud
1272 2451 1275 2456 ·

129 2519 328 2582 Ciceronem
347 2515 434 2579 illam
455 2517 618 2580 rationem
636 2514 800 2579 vocalium
818 2525 849 2578 ct
879 2537 1103 2580 consonarum
1127 2538 1192 2603 pa-

126 2625 203 2677 rum
222 2613 281 2666 aut
295 2600 380 2665 nihil
399 2601 523 2681 valere,
547 2601 602 2665 sed
621 2621 721 2665 omne
734 2600 915 2664 discrimen
932 2602 964 2664 in
983 2603 1014 2666 vi
1036 2623 1073 2665 ac
1087 2601 1194 2685 signi-

126 2687 288 2754 ficatione
308 2689 453 2774 positum
471 2709 557 2752 csse:
583 2689 618 2751 in
636 2685 832 2772 geminanda
850 2685 1009 2771 particula
1027 2686 1192 2751 maiorem

128 2777 194 2839 vim
224 2774 376 2862 exprimi
402 2794 462 2859 per
486 2796 564 2851 nec,
595 2793 694 2858 quam
720 2792 781 2857 per
802 2793 923 2858 neque,
954 2773 1006 2834 cui
1028 2771 1063 2834 in
1089 2771 1193 2838 altera

127 2865 224 2948 parte
242 2857 436 2945 saepissime
452 2868 642 2946 apponatur
659 2879 741 2921 nec:
757 2855 836 2920 hinc
848 2853 1031 2922 nec-»bec
1047 2877 1193 2943 respon-

129 2946 353 3030 dere‘graecis
371 2941 440 3008 edre
455 2983 498 2994 —-
514 2941 599 3009 abrs:
628 2954 743 3008 contra
759 2942 817 3006 ubi
832 2963 903 3006 rzort
918 2953 973 3007 aut
998 2943 1058 3008 alia
1082 2942 1192 3008 lenior

127 3034 262 3120 negatio
286 3031 483 3118 praecedat,
506 3051 637 3116 semper
660 3032 743 3118 poni
762 3051 869 3114 acque
893 3029 999 3093 vocali
1022 3038 1192 3113 sequente,

128 3119 162 3182 in
178 3115 328 3204 graviori
349 3127 544 3203 argumento
558 3117 655 3180 etiam
671 3125 746 3179 ante
762 3115 911 3180 vocalem
928 3137 1010 3180 nec.-
1036 3115 1092 3181 ubi
1109 3137 1191 3182 vero
1234 3182 1236 3187 ,

128 3229 189 3268 nec
213 3205 248 3267 in
278 3203 439 3266 enuntiati
462 3201 628 3290 principio
652 3199 853 3266 collocatum
889 3198 1088 3286 adiungendi
1121 3200 1192 3267 vim

127 3289 266 3366 babeat,
301 3287 347 3352 ibi
375 3309 437 3372 pro
464 3288 651 3352 altero‘nec
674 3285 773 3350 scribi
796 3289 893 3351 etiam
915 3305 1032 3374 neque.
1075 3284 1114 3349 10
1137 3285 1211 3358 his,

129 3374 314 3439 admodum
339 3371 501 3439 subtiliter
524 3373 696 3473 disputatis
722 3371 804 3436 duae
825 3382 907 3439 sunt
931 3395 1003 3452 res,
1025 3393 1109 3457 quae
1133 3393 1191 3436 sne

129 3459 322 3525 oflendunt.
368 3460 515 3523 Primum
537 3455 625 3524 earm
633 3458 776 3607 dgravior
793 3458 849 3524 illa
870 3457 999 3522 ethaeo
1016 3457 1191 3524 leniorvis

129 3565 198 3610 000
224 3567 268 3611 ex
291 3553 410 3609 natura
455 3545 610 3610 articulae
656 3543 825 3624 educitur,
854 3565 915 3608 nec
940 3543 1191 3610 0000010000-

130 3653 204 3696 rum
226 3631 361 3696 ratione
387 3568 573 3717 colligitur,
610 3631 687 3710 sed,
721 3645 824 3716 quum
855 3625 963 3714 adsint
994 3616 1190 3716 particulae,

130 3718 300 3800 sententiis
318 3715 526 3780 attribuitur:
550 3737 651 3800 quare
668 3716 781 3779 omnia
798 3717 908 3804 posita
926 3723 1002 3778 sunt
1028 3710 1063 3776 in
1089 3733 1191 3798 prae·-
1223 3787 1225 3790 ¹

130 3816 263 3890 sumpta
273 3801 446 3889 opinione,
463 3823 524 3887 per
539 3823 600 3866 nec·
632 3802 794 3866 raviorem
806 3801 949 3888 exprimi
963 3798 1191 3884 negationem,

131 3909 211 3974 qnae
227 3892 301 3978 ipsa
323 3825 636 3952 erav‘conaitaenaia
652 3887 865 3972 argumentis.
895 3883 1022 3949 Deinde
1037 3884 1192 3972 Wagne-
1223 3955 1227 3961 ,

131 3995 203 4050 rus,
224 3985 265 4038 ut
286 3972 534 4038 demonstraret
555 3974 742 4062 graviorem
765 3973 856 4037 illam
884 3971 972 4049 vim,
996 3967 1105 4034 attulit
1129 3991 1191 4045 exq
1220 4037 1226 4048 ,

133 4059 259 4150 empla,
289 4060 326 4126 in
349 4057 468 4148 quibus
492 4065 553 4148 pei·
572 4081 691 4126 nec-2
706 4057 768 4125 secl
790 4079 843 4125 res
866 4064 1098 4146 opponuntur.
1145 4057 1193 4120 At
