2830 4712
2 739 22 774 >

213 331 219 360 ¹
412 331 414 339 '
714 371 724 396 .
1172 333 1192 396 3

40 561 49 574 .
131 511 207 570 sunt
226 501 370 582 Cicero,
384 496 535 574 caan,
559 498 746 566 Cornelius.
789 499 903 582 Quare
926 517 996 562 non
1012 496 1132 566 dicitur
1152 501 1192 567 ab

131 589 182 658 his
198 587 343 677 quidem
364 584 582 670 scriptoribus
600 605 747 674 numque
770 583 805 656 in
830 584 1063 671 occupatione,
1087 609 1196 688 neque

138 677 168 742 in
181 671 471 758 interrogatione:
494 668 551 734 sed
566 673 746 758 usurpatur
769 669 804 734 iii
828 669 1056 758 expositione,
1082 673 1118 738 in
1138 695 1196 740 rn-

130 759 288 848 ,cipienda
311 756 504 821 narratione
520 758 700 843 praemisso
716 755 890 845 prologio‚
914 754 949 820 in
968 759 1196 846 comproban-

141 847 175 920 da
187 868 242 922 re,
266 848 304 910 in
325 840 537 930 parenthesi,
559 843 593 906 in
607 841 839 908 affirmatione.
883 841 948 906 Sed
965 842 999 906 in
1014 841 1065 908 his
1083 847 1196 912 omui-

138 932 196 997 bus
210 927 417 1000 dictionibus
435 925 545 991 Livius
563 938 595 992 et
613 927 835 1011 Quintilianus
852 936 885 989 et
900 929 1100 996 recentiores
1111 931 1197 997 seri-

139 1011 466 1108 ptores‘partieulam
486 1015 585 1077 etiam
600 1013 742 1078 seeundo
757 1013 835 1080 loco
850 1025 1045 1098 posuerunt.
1062 1027 1095 1080 et
1113 1039 1197 1120 poe·
1268 1011 1271 1035 '

140 1113 188 1168 tae
210 1101 371 1167 liberiore
395 1119 456 1162 usu
472 1097 572 1162 etiam
599 1101 633 1163 in
657 1097 950 1180 mediaoratione.
994 1098 1059 1164 vd.
1083 1103 1198 1192 virgil.

140 1195 217 1255 Aen.
236 1193 297 1268 tu,
319 1187 394 1262 (il-l.
438 1183 516 1264 Quo
534 1183 581 1249 ris
603 1184 660 1270 ille
685 1184 835 1251 nectendi
858 1185 1019 1251 minuitur
1040 1197 1095 1253 aut
1119 1207 1198 1255 era-

141 1276 253 1341 neseit.
307 1266 505 1356 Comparari
537 1283 677 1360 possunt
699 1273 825 1338 etenim
855 1281 888 1334 et
912 1271 963 1335 sal
986 1269 1053 1357 γάρ.
1104 1274 1199 1356 Quae

141 1362 263 1428 Hartun
281 1357 340 1420 'ius
369 1355 487 1422 Partic.
512 1377 630 1444 graec..
649 1356 693 1422 T.
721 1363 751 1424 1.
776 1380 812 1457 p.
837 1357 911 1422 488.
940 1355 980 1420 de
1011 1358 1200 1427 discrimine

144 1447 244 1536 partia
281 1464 380 1510 arum
411 1464 496 1506 nam
523 1452 556 1506 et
580 1464 727 1529 namque
757 1442 806 1507 dis
833 1451 922 1518 utat,
950 1441 1081 1508 subtilia
1111 1456 1200 1520 aunt,

144 1555 210 1598 non
232 1553 320 1595 vera.
372 1526 459 1600 Nam
490 1527 664 1610 locorum,
694 1531 730 1593 in
756 1464 983 1614 quillua'nam
1012 1525 1201 1598 affirmandi

151 1615 415 1704 significationem
432 1611 551 1695 habet,
577 1635 648 1678 non
667 1615 780 1678 minor
795 1624 846 1677 est
864 1633 1035 1678 numerus.

252 1731 349 1804 Seripti
368 1731 501 1786 libriubi
518 1739 662 1802 utramque
679 1733 811 1788 exhibent
827 1735 961 1820 formam,
981 1733 1106 1788 difficilis
1129 1752 1202 1790 sem-

155 1892 160 1902 ,
218 1837 265 1891 per
277 1826 318 1873 eat
334 1817 419 1887 optio.
454 1817 498 1872 Gi.
514 1817 605 1873 Tacit.
619 1817 692 1872 utar.
708 1815 742 1883 d,
759 1817 804 1872 42.
896 1848 898 1852 ·

247 1921 365 1994 Quintil.
379 1919 411 1986 3,
428 1917 460 1986 9,
476 1919 502 1973 d.
523 1937 589 1991 quae
603 1937 717 1994 auraque
732 1929 771 1975 eat
792 1920 926 1990 quaestio,
942 1921 971 1974 in
995 1939 1048 1990 qua
1068 1940 1118 1976 non
1140 1941 1204 1994 pro-

212 2011 314 2063 mittere
326 2006 411 2076 posuit
430 2007 534 2068 orator,
558 2005 621 2073 quid
633 2007 735 2076 primo,
753 2007 816 2076 quid
837 2007 965 2072 seeundo,
983 2007 1058 2076 quid,
1069 2010 1147 2062 tertio
1167 2012 1204 2064 eit

210 2081 264 2148 loeo
280 2089 422 2146 dicturas?
442 2085 542 2142 Mirari
557 2087 638 2154 licet,
656 2087 727 2157 quod
745 2089 923 2160 Spaldingiua
937 2090 1057 2160 Regium
1073 2101 1204 2162 sequutus
1239 2141 1242 2148 .

209 2179 253 2233 sit.
289 2175 408 2231 Codices
431 2179 480 2230 eut
501 2172 629 2229 omittunt
648 2191 775 2246 namque,
798 2180 846 2232 eut
868 2175 973 2230 hebent
994 2194 1060 2246 cuce
1078 2185 1114 2233 est
1136 2154 1206 2236 euim

210 2262 338 2334 quaestio.

223 2414 263 2481 In
292 2413 447 2479 oratione
476 2414 626 2502 prosaica
656 2413 814 2504 particula
836 2437 938 2492 nam,
968 2413 1051 2496 nisi,
1086 2423 1124 2480 ut
1149 2414 1205 2478 in-

41 2547 46 2569 .
145 2501 404 2590 terrogationem
452 2501 636 2587 exprimat,
679 2502 861 2568 encliticam
898 2501 1048 2567 formam
1088 2501 1205 2578 induit,
1243 2515 1251 2534 ‘

147 2609 275 2675 semper
305 2585 433 2650 obtinet
462 2587 611 2674 primurn
643 2589 878 2652 enuntiationis
909 2588 1034 2651 locum.
1088 2587 1208 2654 Poetae
1251 2590 1256 2594 ’

144 2683 250 2737 autem
275 2681 360 2759 post=
376 2671 521 2756 primum
545 2673 768 2738 seeundumve
784 2671 982 2736 vocabulum
1008 2690 1081 2734 eam
1097 2671 1207 2738 locare

147 2758 305 2824 solebant.
347 2755 398 2820 De
418 2780 564 2846 namque
582 2758 769 2846 postposito
789 2756 892 2822 modo
909 2755 1066 2852 diximus.

195 2939 200 2948 .
243 2875 337 2930 Pleas.
352 2874 415 2928 Mil.
432 2873 517 2960 Ml,
536 2875 562 2930 ².
581 2893 633 2947 ego
652 2875 714 2930 aum
729 2877 880 2930 conveniam
902 2877 989 2930 illusa.
1024 2875 1068 2930 lta
1090 2873 1207 2930 codices.

208 2962 310 3016 floret.
328 2960 390 3046 Sal.
407 2961 440 3028 2,
458 2961 495 3026 ὅ,
513 2960 569 3020 20.
585 2962 647 3014 olim
668 2979 732 3014 nam
753 2977 876 3032 pecuare
895 2963 1027 3016 amitam.
1061 2960 1096 3026 2,
1112 2961 1146 3026 d,
1163 2958 1207 3014 41.
1257 2989 1259 2994 ,

205 3042 475 3185 {pipi-22,6l,'}8ll.
517 3044 618 3116 virgil.
633 3044 701 3100 Aea.
719 3045 755 3113 d,
772 3045 834 3101 819.
864 3044 900 3098 ei.
914 3044 1034 3158 Bentlei.
1054 3047 1090 3101 ad
1110 3048 1208 3102 floret.

266 3167 273 3182 '
318 3169 327 3199 2
376 3169 384 3196 ἱ
438 3164 445 3182 ⁸
544 3193 545 3200 .

226 3297 475 3384 Significatione
501 3321 560 3364 sua
585 3323 669 3366 nam
695 3300 878 3388 respondet
896 3303 1087 3388 germanico
1104 3287 1210 3368 'nem-

144 3381 229 3462 licla,
240 3383 419 3533 'habetgu'e
436 3386 503 3449 vim
521 3385 725 3486 designandi.
774 3383 836 3451 Vbi
852 3389 941 3453 euim
957 3410 1011 3454 res
1028 3389 1135 3476 aliqua
1151 3412 1209 3454 ac-

146 3479 287 3534 curatius
309 3471 349 3535 de
374 3469 494 3535 menda
521 3481 588 3548 est,
610 3473 663 3553 id,
686 3493 754 3622 spuo
771 3493 807 3538 ea
824 3483 972 3554 constat,
995 3485 1050 3539 aut
1068 3473 1158 3623 guod
1174 3477 1210 3541 in

145 3575 317 3641 esserum
332 3567 399 3636 est,
414 3557 475 3621 uel
492 3557 553 3620 alia
575 3579 630 3638 re,
653 3579 691 3622 ve
723 3559 835 3644 aliquo
854 3571 1051 3646 argumento
1092 3580 1212 3623 emon-

145 3643 268 3704 strat'ur
285 3647 386 3727 atque
402 3641 626 3722 confirmatur.
658 3643 744 3708 Sunt
761 3664 840 3710 vero
859 3645 1039 3710 sententiae
1056 3662 1210 3730 pernam

41 3779 45 3786 .
146 3725 373 3814 adiungendae
389 3727 530 3826 triplicis
546 3723 687 3814 generis,
705 3729 936 3817 expositionis.
956 3728 1211 3817 comprobatio-

146 3811 222 3892 nis,
245 3812 506 3878 asseveratidms.
549 3813 766 3904 Expositione
782 3815 1015 3902 intelligimus,
1039 3814 1143 3902 qualis
1168 3815 1212 3880 sit

145 3917 218 3961 res:
247 3897 526 3986 comprobatione
551 3902 802 3988 cognoscimus,
827 3902 914 3965 unde
938 3910 1058 3988 etqua
1083 3901 1234 3966 ratione

147 3978 203 4046 fiat
221 3992 286 4068 aut,
300 3982 388 4049 iacta
414 3983 475 4050 sit:
495 3987 737 4052 asseveratione
760 3985 1025 4068 demonstratur,
1058 4009 1131 4052 eam
1154 4007 1237 4052 ve-.

147 4087 221 4131 ram
249 4089 329 4136 ease.
376 4065 402 4132 li
427 4080 557 4149 autem,
578 4072 636 4160 qui
656 4095 740 4138 nam
757 4070 881 4160 ubique
901 4093 963 4160 per
984 4071 1092 4150 clean,
1121 4070 1212 4158 quod

151 4171 300 4220 caussam
327 4151 480 4242 indicat»,
499 4156 650 4249 reddere
681 4155 807 4243 solent,
834 4158 881 4286 5¹¹,
893 4155 1009 4226 multis
1034 4166 1211 4246 coguntur,
1273 4203 1279 4218 r
