2894 4716
273 271 340 346 256

276 438 469 530 quaestione
486 437 686 506 munusue
707 459 910 529 componere
933 447 1072 507 conatus
1093 439 1154 521 esi,
1172 450 1210 506 ut
1232 441 1325 510 dice-

254 539 327 594 aret
354 549 423 592 uon
453 547 524 589 esse
550 527 763 612 negationem
791 527 1009 606 obiectivam,
1046 547 1131 612 quae
1155 551 1227 594 rem
1254 553 1325 596 esse

273 623 391 700 neget,
419 610 516 676 houd
538 614 749 697 negationem
775 613 1022 692 subiectivem,
1047 614 1187 699 quaein
1211 616 1323 680 animo

274 702 342 766 sive
364 699 396 762 in
416 699 577 762 sententia
599 698 807 783 loquentium
831 701 890 764 sita
915 699 969 763 sit.
1009 698 1083 762 Hoc
1115 719 1193 764 vero
1224 723 1324 786 prae·-

274 797 409 874 ceptum
439 783 478 846 ad
507 783 600 847 illum
631 785 795 848 rationem
824 783 988 870 pertinet,
1026 805 1090 870 qua
1114 789 1323 872 grammatici
1414 787 1415 804 ¹

249 871 395 937 multas
419 869 594 933 verborum
617 867 743 934 formas
766 870 966 956 distinguere
986 867 1114 948 solent,
1151 888 1222 936 nou
1245 875 1321 938 satis

272 958 314 1023 ad
337 955 486 1020 animum
507 955 588 1018 illud
611 965 812 1033 revocantes,
836 954 925 1043 quod
955 955 989 1020 in
1026 954 1132 1020 verbis
1162 957 1322 1024 subiecti·
1387 982 1389 987 ’

269 1062 350 1108 vum
372 1054 461 1106 recte
477 1041 638 1128 appellari
655 1041 770 1128 possit.
812 1041 1037 1105 Omuieenim
1061 1045 1194 1128 negatio
1211 1043 1247 1108 fit
1263 1067 1320 1109 eo·
1414 1097 1415 1108 .

271 1129 439 1217 gitatione,
460 1147 524 1213 qua
539 1127 670 1190 tollitur
685 1130 778 1192 notio
799 1127 924 1214 aliqua,
947 1148 1056 1212 neque
1071 1127 1232 1214 id,‘quod
1251 1153 1319 1196 uon
1414 1167 1415 1190 i

271 1214 490 1292 esse'dicitur,
520 1234 659 1299 usquam
679 1224 816 1304 apparet
833 1214 863 1277 in
883 1212 980 1278 rebus
997 1213 1095 1300 ipsis,
1117 1213 1175 1276 sed
1198 1215 1236 1278 iis
1259 1239 1319 1281 co·
1414 1198 1415 1246 ³

269 1299 404 1386 gitando
425 1298 599 1364 tribuitur:
626 1319 726 1384 quare
747 1301 775 1363 si
796 1299 876 1386 quid
899 1299 1116 1364 subiectivum
1148 1301 1182 1365 in
1216 1323 1320 1388 nega·

254 1389 361 1452 tione
390 1385 602 1469 conspicitur,
620 1385 700 1448 iilud
730 1397 798 1462 est,
829 1384 920 1471 quod
950 1407 993 1448 ne
1024 1406 1098 1448 cum
1121 1385 1317 1476 Imperativo

268 1473 389 1537 dicitur
410 1471 613 1536 voluntatem
636 1471 801 1535 indicans:
827 1483 936 1534 tamen
958 1491 1142 1556 numquam
1161 1473 1259 1536 stated
1274 1474 1319 1538 ita

268 1557 485 1645 componitur
510 1580 585 1642 cum
610 1556 723 1621 verbo.
759 1557 944 1621 Dicendum
976 1566 1045 1620 erat
1072 1567 1115 1638 ¹ut
1146 1563 1215 1620 nun
1237 1580 1318 1646 eup-

195 1643 196 1648 ’
294 1668 381 1709 ressa
403 1642 640 1708 coniunctione
659 1641 812 1714 fierine,
844 1652 942 1728 atque
968 1641 1012 1706 ita
1043 1640 1219 1726 significari
1250 1645 1318 1708 tol-

265 1667 397 1796 ibndam
420 1731 577 1793 essentiae
602 1729 783 1792 notionem.
832 1727 896 1790 Sed
909 1749 987 1790 *uon
1005 1727 1199 1814 simpliciter
1219 1739 1317 1818 negat

266 1827 299 1882 et
328 1817 505 1879 notionem
537 1814 624 1878 tottii
647 1815 680 1878 in
703 1811 843 1890 iudiciis,
870 1835 952 1898 quae
977 1813 1027 1878 vel
1048 1815 1081 1878 τὸ
1105 1810 1180 1878 εἶναι
1207 1809 1315 1881 veleri

265 1925 295 1966 τι
320 1899 397 1982 cives
419 1909 582 1984 spectant.
626 1899 712 1963 Nam
737 1907 820 1984 quae
841 1899 1006 1962 subtiliori
1029 1899 1169 1984 quadarn
1188 1901 1315 1966 ratione
1414 1927 1415 1932 ¹

251 1986 496 2074 distinguenda
518 1995 621 2059 eraut,
641 1983 800 2070 loquendi
824 2005 900 2070 usus
924 2005 995 2048 uno
1030 1984 1191 2051 vocabulo
1221 2007 1316 2051 com·
1414 2015 1415 2070 ᾗ

151 2079 153 2084 ’
235 2071 501 2161 prebendebat.
548 2072 628 2134 Vide
652 2093 683 2158 p.
705 2075 760 2135 29.
1181 2072 1182 2077 ’

208 2262 212 2272 ,
347 2197 374 2264 Ι.
401 2205 430 2263 1.
452 2195 541 2276 Non,
566 2197 665 2283 quod,
693 2219 794 2284 quum
815 2197 926 2262 iudicii
962 2198 1005 2262 sit
1032 2195 1201 2283 particula,
1230 2221 1315 2286 pro·
1414 2185 1415 2200 ¹

251 2283 337 2372 ¹prie
359 2284 509 2349 adiicitur
529 2284 645 2363 verbis,
670 2286 766 2348 etiam
790 2306 866 2347 cum
891 2283 1054 2348 adiectivis
1090 2293 1121 2346 et
1151 2285 1312 2351 adverbiis
1414 2335 1415 2352 2

264 2373 480 2458 componitur
496 2370 550 2450 ita,
574 2379 609 2432 ut
622 2371 721 2434 ¹unius.
739 2370 886 2434 nominis
903 2371 1074 2433 notionem
1091 2370 1201 2434 toliut:
1222 2372 1309 2457 quod
1385 2445 1387 2456 Ι

264 2453 380 2523 Graeci
401 2479 462 2546 per
494 2452 534 2540 μή
564 2455 723 2520 efficiunt.
771 2456 883 2535 Quare
915 2455 1036 2518 dicitur
1065 2477 1163 2542 saepe
1191 2458 1311 2522 eodem

261 2543 376 2623 modo,
391 2565 394 2574 ¹
411 2565 477 2630 quo
507 2545 644 2608 nomina
674 2565 763 2606 cum.
785 2541 940 2626 negativis
966 2541 1131 2627 partientis
1156 2541 1194 2606 iu·
1218 2553 1311 2608 etue

188 2687 193 2696 .
261 2631 459 2718 compositu.
511 2629 564 2693 Sic
594 2651 663 2694 uon
692 2650 798 2692 suctus
830 2627 916 2693 idem
955 2637 1004 2690 est
1035 2627 1124 2712 quod
1148 2627 1309 2707 lineantis,

259 2739 328 2779 nou
352 2717 446 2780 docti
464 2713 553 2779 idem
574 2715 662 2800 quod
684 2712 836 2788 indocti,
862 2709 956 2776 sicuti
979 2736 1047 2776 uon
1066 2713 1137 2776 scio
1162 2736 1224 2798 pro
1247 2738 1309 2778 ue—

258 2801 340 2878 sci0‚
362 2825 430 2866 nou
455 2823 536 2886 qeeeo
571 2822 634 2886 pro
666 2821 790 2886 nequeo
818 2801 965 2884 ponitur.
1018 2791 1069 2861 Cf.
1100 2797 1238 2864 Bentlei.
1268 2801 1308 2864 ad

246 2883 376 2950 'Horat
407 2887 512 2973 Epist.
543 2891 574 2962 2,
605 2891 636 2962 2,
659 2888 711 2948 80.
740 2884 925 2948 Burmann.
959 2883 998 2946 ad
1027 2885 1150 2948 Lucan.
1175 2884 1306 2960 3‚'156.

256 2971 446 3057 Hottinger.
477 2970 518 3033 ad
547 2970 616 3033 Cic.
647 2968 687 3042 de
717 2969 790 3033 Div.
819 2977 850 3046 2,
876 2975 913 3040 9,
943 2975 996 3033 22.
1026 2970 1133 3054 Atque
1157 2971 1308 3056 penuria,

258 3077 322 3142 qua
339 3057 439 3122 latina
458 3054 570 3141 lingua
593 3054 733 3132 laborat,
747 3057 919 3120 nominum
936 3055 1201 3140 compositorum
1218 3055 1307 3120 haud

255 3164 333 3206 raro
357 3140 396 3206 ad
423 3141 656 3204 obscuritatem
678 3142 844 3228 perducit,
865 3152 900 3204 ut.
929 3139 1017 3227 apud
1046 3141 1149 3204 Rutil.
1174 3142 1306 3230 Lupum

257 3233 287 3302 1,
307 3233 339 3292 7.
361 3226 594 3326 itupueuuiuc
610 3249 716 3313 opera
733 3250 812 3292 meu
838 3249 907 3290 non
927 3227 1072 3290 citatum
1095 3225 1219 3290 bellu-m
1236 3251 1306 3292 nou

254 3335 485 3378 necessarium
514 3313 621 3378 scitis.
677 3313 746 3378 Nos
784 3312 923 3390 dicimus
960 3313 1059 3381 einen
1094 3313 1306 3400 uundtdigen

244 3397 376 3486 'Krieg.
421 3399 577 3474 Caussam
597 3421 687 3478 vero,
708 3421 767 3464 cur
790 3399 905 3462 Cicero
928 3419 1001 3460 cum
1024 3397 1200 3478 adiectivis,
1220 3421 1304 3486 quae

248 3487 465 3572 'negationem
491 3485 526 3549 in
549 3509 584 3550 se
607 3485 740 3562 habeut,
770 3507 840 3548 non
862 3484 1072 3568 coniunxerit
1094 3484 1208 3562 haud,
1244 3485 1304 3549 sed

245 3589 331 3649 'nora
352 3570 454 3635 Tom.
479 3577 509 3638 3.
530 3595 563 3657 p.
593 3577 647 3638 39.
677 3570 828 3636 indicavi.
880 3571 991 3634 Livius
1025 3571 1136 3655 paucis
1161 3571 1194 3633 in
1217 3570 1301 3670 locis

250 3679 320 3722 nou
343 3679 419 3722 curn
445 3657 610 3722 adiectivis
641 3665 674 3722 et
703 3656 863 3720 adverbiis
891 3657 1090 3738 composuit.
1140 3655 1208 3718 Eos
1231 3654 1303 3719 cul-

248 3741 328 3830 legit
350 3743 606 3827 Stiirenburgius
630 3743 665 3808 in
688 3743 878 3806 Comment.
903 3749 931 3806 1.
958 3739 998 3806 de
1023 3740 1183 3828 particula
1205 3741 1303 3806 haud

252 3849 283 3906 p.
308 3830 380 3894 148.
431 3829 606 3915 Participia
634 3849 700 3914 quo
733 3826 886 3893 diflerant
917 3829 956 3892 ab
987 3828 1170 3908 aduaticis,
1201 3829 1301 3894 etiam

248 3911 311 3980 hae
334 3916 370 3980 in
391 3937 430 3980 re
453 3915 615 4002 conspici,
640 3935 719 3977 nou·
737 3925 784 3978 est
807 3913 899 4002 quod
922 3936 1104 4001 exponam.

352 4055 411 4109 cic.
428 4057 461 4130 de
476 4056 538 4110 uin.
554 4055 582 4122 2,
597 4055 642 4126 cl,
659 4055 720 4110 103.
734 4068 776 4110 ‘ree
794 4064 860 4125 tcto,
879 4059 1018 4128 Torquate,
1033 4075 1086 4112 uon
1099 4057 1234 4112 doctorem
1251 4057 1300 4112 bc·

316 4141 462 4197 minant.
484 4157 510 4197 e.
534 4139 714 4198 procusum.
737 4141 774 4197 ed
792 4143 849 4200 uu.
868 4141 896 4212 1,
918 4141 962 4196 2⁰.
981 4141 1050 4197 utlaii
1064 4160 1117 4199 ocu
1133 4145 1299 4202 intumum.
