2894 4716
609 305 717 376 NON.
1144 316 1210 384 265

194 473 200 484 ’
257 467 1059 550 Ηιπί.2111.2,8,1.ηἰιέῃ1δωοςο71οό1οωιῦιῐσ11
1079 482 1211 542 Μαι·

222 565 657 704 ῗᾶμιεμωψωῳοιωὼ
684 569 739 620 aa.
765 563 892 624 mla.
919 563 947 636 a,
972 565 1062 635 aas.
1095 567 1209 639 erar,

138 767 141 774 ’
240 761 293 826 85.
324 757 429 825 Sicuti
445 756 607 824 vocabulo
635 758 668 824 ei
689 733 914 845 praemittitur
941 764 1123 829 sententiae
1144 782 1207 829 ne-

158 846 295 948 eteodae
325 865 438 910 caussa
469 843 569 934 qaod,
606 845 652 912 ita
683 847 782 911 etiam
812 847 979 936 praeeedit
1005 850 1207 938 perticulam

153 955 236 999 near.

258 1058 369 1114 Snetee.
386 1055 452 1112 Tib.
469 1055 515 1112 62
534 1058 604 1126 qnod
618 1058 670 1114 ater·
683 1075 743 1114 esar
759 1064 786 1114 st
807 1075 878 1114 ms
893 1059 1067 1132 praemittet
1080 1031 1208 1131 ma·

223 1147 303 1216 sultare
318 1171 354 1188 -·
371 1143 532 1214 mavellem
551 1151 603 1196 ete.

240 1263 274 1347 *)
294 1263 333 1328 ln
364 1260 458 1325 libris
490 1260 620 1347 seriptis
660 1271 865 1328 eommutata
893 1261 1043 1328 videmus
1074 1259 1145 1326 nisi
1173 1271 1209 1327 et

151 1371 248 1416 mam.
271 1349 323 1413 vd.
347 1344 522 1412 Heindorf.
545 1347 587 1410 ad
612 1346 682 1412 cte.
706 1347 747 1412 de
766 1349 841 1414 Nat.
862 1347 898 1411 d.
922 1371 955 1436 p.
986 1353 1062 1413 202.
1083 1351 1159 1413 264.
1173 1357 1207 1412 et

152 1435 294 1590 pgiffip
307 1433 492 1602 {prpinper
505 1431 546 1498 ad
558 1433 692 1500 Cornel.
708 1433 793 1524 Nep.
809 1458 844 1526 p.
860 1439 931 1504 172.
947 1431 1206 1502 Drakenborch.
1273 1447 1275 1454 “

591 1725 774 1864 Nori.

183 1987 186 1992 ·
238 1957 285 2022 Vt
305 1953 467 2044 originem
491 1947 732 2022 vocabulilnon
761 1977 802 2021 ex
826 1953 991 2036 lieemusp
1006 1953 1090 2020 nihil
1121 1973 1206 2044 opus

151 2053 203 2110 est
224 2043 263 2107 ad
287 2039 387 2106 Indos
409 2041 562 2128 migrare.
606 2043 772 2108 Omnibus
797 1977 868 2110 idae
901 2040 1020 2130 linguis
1051 2042 1206 2106 humanis

151 2129 415 2195 communirent
437 2147 505 2192 vox
525 2127 709 2214 negationis
732 2149 794 2216 per
826 2129 969 2192 litteram
997 2151 1021 2193 rr
1050 2126 1206 2208 formata,¹

150 2218 185 2282 in
211 2237 275 2301 qua
300 2213 425 2278 voeales
446 2236 468 2276 a
492 2237 551 2278 eo
575 2213 767 2278 mutabilem
792 2214 896 2279 vicem
922 2225 1101 2301 praestant.
1133 2213 1204 2278 Ru-

150 2303 228 2367 stici
248 2300 345 2365 etiam
370 2299 458 2382 apud
480 2299 704 2366 nos'naturali
729 2300 966 2365 consuetudine
989 2299 1096 2364 edocti
1110 2309 1143 2364 et
1162 2321 1206 2365 rte

151 2399 184 2453 et
205 2407 256 2452 rao
275 2396 308 2452 et
327 2409 372 2450 no
392 2385 587 2470 loquuntur.
627 2386 752 2451 Littera
774 2409 808 2464 n,
831 2407 915 2472 quae
937 2387 971 2450 in
991 2408 1060 2450 non
1083 2383 1206 2450 adhae-

150 2483 217 2550 ret,
243 2482 298 2536 aut
324 2495 360 2536 ea
390 2471 519 2535 videtur
548 2493 635 2548 esse,
672 2475 756 2558 quae
787 2471 822 2536 in
846 2489 963 2536 tannen
989 2469 1124 2548 aceedit,
1148 2480 1206 2536 eut

150 2583 211 2636 ea,
238 2579 336 2644 qaam
368 2555 402 2620 in
434 2556 588 2644 alioquin
617 2565 650 2622 et
679 2556 734 2619 sio
767 2559 936 2620 non-siae
963 2553 1205 2640 significatione

103 2661 106 2668 ⁴
150 2645 265 2712 adesse
288 2643 432 2708 diximus
450 2641 552 2706 Tem.
570 2649 596 2706 1.
638 2643 736 2706 .235.
768 2643 881 2722 Quare
895 2641 1087 2705 incredibile
1111 2641 1205 2706 vide·

150 2741 220 2810 tur,
251 2730 342 2816 quod
369 2725 589 2793 Doederlinus
614 2666 744 2816 Epeion.
774 2725 830 2791 let.
854 2725 896 2790 T.
920 2731 952 2790 6.
978 2749 1012 2812 p.
1034 2729 1109 2790 288.
1141 2728 1203 2790 aits

149 2837 223 2882 noa
245 2837 286 2880 ex
310 2814 503 2878 detruncato
530 2806 631 2877 verbo
655 2808 813 2896 ἀναίνομαι
831 2821 947 2876 natum
974 2833 1056 2876 esse.
1101 2811 1204 2893 Quod

151 2921 234 2968 vero
261 2898 481 2966 Schneideras
512 2902 697 2972 Grammat.
752 2943 761 2964 .
792 2903 832 2964 12
864 2907 896 2962 et
926 2900 997 2962 174.
1027 2920 1117 2963 neno
1145 2921 1206 2986 per

151 3008 328 3076 apocopen
361 3007 430 3065 nore
457 3007 534 3056 esse,
557 2984 685 3050 factum
721 2923 817 3062 dicit,
847 2983 880 3049 id
911 2983 1204 3051 Weissenborniaa

153 3073 340 3138 Grammat.
366 3093 399 3155 p.
426 3073 498 3136 174.
518 3093 557 3136 eo
591 3071 760 3159 produxit,
789 3080 826 3134 ut
848 3067 1028 3134 affirmaret
1060 3071 1205 3158 primam

150 3157 298 3226 formam
329 3154 430 3221 fuisse
459 3179 624 3232 noenum,
658 3158 749 3244 quod
785 3165 870 3238 esset
907 3179 950 3218 ne
987 3179 1126 3222 ornam.
1160 3179 1205 3223 ne

150 3265 277 3310 antam:
298 3243 333 3308 in
356 3263 424 3327 quo
446 3241 528 3306 illud
550 3243 674 3308 mirum
695 3243 832 3320 videtur,
854 3239 946 3328 quod
962 3241 1069 3307 Latini
1089 3240 1128 3306 ad
1143 3264 1204 3306 ne-

150 3331 323 3418 gationem
356 3328 530 3394 attraxisse
561 3339 723 3416 putantur
753 3328 928 3392 notionem
959 3328 1070 3392 statim
1102 3326 1205 3392 omit·-

151 3414 309 3498 tendam,
329 3435 391 3478 nee
412 3423 514 3500 patet,
536 3413 708 3498 quomodo
730 3412 812 3478 illud
835 3434 941 3478 ueram
957 3411 1126 3478 obscurari
1141 3435 1205 3499 po·
1263 3479 1272 3499 .

148 3502 264 3566 tuerits
309 3499 410 3564 Coar.
426 3499 676 3566 Schweakiusa
695 3498 774 3565 esde
790 3520 866 3562 eum
884 3499 936 3564 vel
953 3497 1087 3576 derivat,
1100 3520 1204 3586 quum

150 3585 339 3674 negandam
355 3594 388 3650 et
403 3585 633 3652 affirmandam
650 3584 721 3652 rem
738 3595 822 3650 nate
838 3585 956 3673 eapitis
972 3583 1204 3673 significemus.
1247 3665 1253 3672 ,

241 3725 318 3794 Non
339 3739 388 3794 est
410 3734 540 3814 negatio
562 3698 702 3816 simplest
728 3737 760 3792 et
787 3725 967 3826 generalis,
1004 3747 1069 3813 qna
1097 3745 1202 3810 nega-

151 3835 229 3878 mus
253 3837 326 3883 rem
350 3837 421 3880 esse
443 3826 498 3878 aat.
518 3836 591 3877 eam
613 3835 684 3878 esse
705 3812 840 3900 aliquid,
871 3810 1014 3898 ideoque
1045 3809 1142 3874 etiarn
1169 3812 1203 3876 in

150 3899 192 3966 iis
225 3901 394 3965 sententiis
426 3899 535 3980 obvia,
573 3897 690 3986 quibus
727 3899 808 3963 aliae
846 3897 987 3982 negandi
1026 3896 1203 3984 particulae

150 3987 290 4074 proprie
318 3997 396 4050 sunt
425 3983 614 4050 destinatae.
657 3985 715 4052 ‘De
744 3983 954 4062 discrimine,
991 3982 1081 4068 quod
1116 3984 1203 4048 inter

151 4092 223 4136 nou
243 4082 277 4136 et
295 4070 391 4136 leand
410 4070 595 4151 intercedit,
619 4068 693 4136 ride
714 4071 817 4135 Tam.
840 4075 872 4134 3.
899 4091 929 4154 ρ.
951 4071 1000 4154 17,
1034 4068 1097 4132 Sed
1114 4069 1203 4133 Haa-

147 4157 219 4224 sius
239 4158 275 4226 in
295 4156 430 4245 Reisigii
451 4159 636 4228 Grammat.
659 4179 694 4245 p.
721 4157 797 4224 107.
819 4154 1064 4226 controversias
1083 4156 1119 4224 in
1141 4155 1202 4221 hae
