2858 4714
221 315 227 334 ι
261 289 323 395 nt
608 280 732 390 tnnc.
774 278 941 363 nuova.

262 461 337 526 rior
358 475 427 521 ersa
451 450 577 516 debeat.
619 451 733 515 Vnum
757 461 869 516 tamen
891 448 958 515 hoe
983 445 1187 514 considerari
1212 447 1321 527 debet,

209 576 212 581 ·
257 567 345 621 num
364 541 460 605 enam
478 558 584 624 neqree
608 558 685 601 vero
705 537 824 603 eodem
849 555 987 623 prorsus
1010 555 1109 599 scnsu
1128 544 1321 622 usurpetur.

265 631 302 696 ln
328 625 419 703 libris
447 623 576 709 scriptis
607 621 732 694 frustra
762 643 959 708 quaeramus
994 631 1080 684 certa
1110 619 1321 684 testimonia:

148 737 150 758 ¹
263 737 341 784 nam
360 723 393 778 et
407 707 534 774 scribae
550 717 582 773 et
598 709 805 794 grammatici
820 705 947 772 formas
963 728 1004 771 ex
1020 704 1156 770 arbitrio
1167 727 1228 770 suo
1247 726 1323 770 mu-

264 813 335 868 tare
365 794 525 862 solebant.
585 791 634 857 lta
661 792 786 858 sactum
816 804 885 869 est,
915 801 953 855 ut
982 814 1087 879 nequae
1120 813 1196 856 vero
1222 813 1322 879 saepe

264 884 496 969 nunclegatur
512 879 545 946 iu
563 877 655 948 libris
673 879 843 944 Ciceronis
860 877 901 942 de
916 878 1076 952 Oratore,
1100 898 1262 962 nusquam
1288 879 1324 942 in

255 971 371 1041 ‘Bruto
388 967 468 1034 etin
487 965 648 1042 Oratore,
670 975 702 1028 et
725 976 760 1028 ut
778 966 982 1029 Goereunius
997 963 1037 1028 ad
1053 965 1153 1028 Acad.
1175 967 1206 1041 2,
1223 967 1253 1040 7,
1271 967 1324 1028 19.

265 1057 388 1133 refert,
413 1051 600 1139 quindecim
618 1050 650 1114 i'u
671 1050 752 1114 locis
777 1050 988 1114 orationum:
1011 1071 1071 1114 nee
1096 1059 1173 1112 sana
1194 1049 1324 1113 ratione

257 1141 399 1232 ¹opinari
418 1159 603 1224 possumus.
620 1136 655 1198 in
670 1135 739 1199 aliis
756 1135 847 1200 libris
859 1136 1053 1200 Ciceronem
1073 1131 1178 1212 hanc,
1201 1134 1235 1197 in
1252 1134 1325 1198 aliis

214 1267 217 1272 ·
266 1234 357 1300 ittam
380 1224 525 1290 sormam
543 1221 742 1286 adhibuisse.
781 1221 866 1286 lltud
883 1231 992 1286 tamen
1010 1231 1057 1285 est
1074 1229 1201 1284 certum
1217 1242 1326 1306 neque

268 1339 345 1384 uero
366 1331 499 1396 semper
514 1307 636 1372 habere
651 1308 716 1372 vim
734 1306 966 1384 continuandi,
990 1317 1021 1370 ct
1044 1327 1113 1371 esse
1128 1305 1202 1370 und
1218 1305 1325 1370 wirh-

268 1403 338 1470 licle
351 1398 464 1467 niclet‘,
486 1393 582 1459 sicuti
597 1395 629 1458 in
649 1391 851 1462 affirmativa,
863 1391 1024 1456 seruientia
1041 1391 1161 1456 dieitur
1175 1401 1208 1455 et
1227 1413 1325 1456 vero:

157 1490 173 1503 “
267 1511 329 1557 nec
352 1506 428 1550 uero
455 1481 499 1546 ibi
526 1481 671 1544 maxime
694 1478 895 1556 collocatur,
916 1477 973 1542 ubi
998 1478 1031 1542 in
1054 1477 1214 1541 sententia
1237 1477 1326 1542 inest

268 1570 477 1663 oppositum.
522 1567 590 1630 Cic.
612 1565 652 1628 de
670 1563 736 1627 Off.
754 1573 784 1642 1,
801 1568 833 1634 8.
849 1567 903 1630 25.
928 1563 1100 1628 delectant
1115 1562 1222 1627 etiam
1244 1585 1327 1627 ma·

207 1650 231 1681 '‘
265 1655 392 1761 gnifict'
409 1663 603 1753 apparatus
619 1651 772 1736 vitaeque
786 1651 896 1715 cultae
914 1671 991 1713 crem
1006 1648 1183 1735 elegantia
1208 1659 1241 1712 et
1265 1671 1327 1712 co-

212 1783 215 1790 ·
263 1770 350 1836 pm,
379 1736 496 1840 artabus
518 1735 617 1801 rebus
639 1732 802 1822 effectum
826 1753 894 1813 eat,
928 1746 965 1799 nt
990 1729 1132 1820 infinita
1153 1733 1328 1820 pecteniue

268 1827 445 1925 crepidatus
467 1833 562 1888 esset.
605 1817 678 1884 dlec
697 1843 776 1898 ¹nero
800 1822 853 1886 rei
871 1819 1064 1909 familiaris
1086 1815 1328 1918 amplificatio,

268 1917 399 1986 nornine
412 1930 553 1986 nocens,
577 1905 828 1993 vituperanda.-
852 1905 914 1971 sed
922 1903 1100 1996 fugienda
1118 1925 1251 1992 semper
1266 1928 1327 1972 m-
1411 1927 1412 1992 ς

239 2013 244 2024 ’
267 2003 363 2072 idria
378 2006 440 2064 eat·

382 2115 439 2171 cic.
456 2112 490 2167 de
504 2111 569 2167 Nnt.
586 2111 613 2165 d.
628 2111 654 2175 2,
669 2107 788 2176 64,162.
804 2129 850 2164 nee
872 2128 930 2164 cero
951 2127 1031 2180 snpra
1051 2117 1164 2175 terrum,
1181 2109 1226 2162 aed
1246 2110 1328 2162 etiam

336 2205 364 2257 e'n
381 2199 480 2254 intimis
493 2198 547 2252 eine
564 2197 674 2252 tenebris
689 2198 867 2266 plurimarum
881 2213 968 2249 rerum
984 2197 1046 2249 lutet
1061 2196 1170 2248 utititas.
1189 2191 1270 2260 ²39,
1280 2191 1328 2246 14.

229 2339 232 2352 ,
284 2313 298 2344 ι
335 2285 464 2342 Dervirine
478 2282 512 2336 ad
528 2278 637 2344 cicade
653 2282 716 2335 Nat.
732 2281 758 2334 d.
772 2280 800 2346 2,
813 2277 858 2332 tt.
877 2288 1021 2348 comparet
1036 2271 1237 2350 graecuod-
1254 2265 1328 2334 attat

328 2371 384 2437 ,eat
392 2410 401 2437 ,
425 2367 503 2439 quasi
517 2385 564 2420 nce
575 2382 635 2420 uero
650 2366 757 2420 dicatur
771 2382 820 2436 pro
834 2383 879 2418 nec
893 2384 952 2420 vero
964 2373 1076 2420 tantum.

380 2474 479 2526 cicero
494 2470 604 2526 videtur
618 2468 781 2538 quibusdam
796 2464 890 2521 verbis
905 2453 1024 2521 alteram
1039 2471 1128 2519 utram
1146 2467 1262 2520 torinanr
1277 2483 1328 2520 ue·

334 2557 531 2612 commodasse.
565 2551 642 2606 Dixit
655 2553 727 2606 enim
738 2567 847 2620 semper
861 2569 907 2606 nec
920 2570 980 2605 uero
992 2569 1075 2604 nanee
1094 2551 1129 2604 ud
1138 2553 1193 2604 tn.
1207 2549 1234 2616 5,
1248 2551 1276 2604 8.
1298 2549 1327 2616 t,

334 2638 752 2708 13.=anrepronomtnaueqae
775 2657 852 2691 vero:
870 2636 958 2691 veluti
979 2653 1060 2705 aeque
1081 2651 1139 2690 nero
1159 2637 1235 2691 ittam
1256 2637 1328 2692 Phi-

281 2719 284 2724 ’
336 2726 410 2796 lien,
426 2726 453 2791 l,
470 2725 496 2790 t,
512 2725 537 2778 9.
555 2740 638 2794 neque
652 2743 712 2778 cero
725 2723 792 2776 mitti
809 2720 844 2774 de
861 2721 938 2774 Orat.
956 2721 982 2787 l,
999 2719 1025 2786 Β,
1042 2720 1085 2773 tu.

378 2828 494 2898 Quintil.
509 2826 553 2890 12,
570 2824 597 2889 t,
612 2825 639 2877 6.
656 2844 709 2879 uon
727 2826 796 2878 enim
806 2829 921 2892 fortune
936 2837 1040 2876 tanetus
1057 2823 1099 2876 uel
1122 2822 1206 2877 instas
1221 2824 1260 2876 uel
1274 2824 1329 2878 im·

331 2916 427 2984 probae
444 2913 522 2980 facit.
563 2905 653 2978 Neque
676 2925 736 2961 cero
754 2909 842 2976 pudor
865 2909 963 2982 obstet,
987 2926 1038 2976 qne
1061 2908 1148 2960 minue
1168 2917 1327 2978 meantem,

332 3016 410 3066 qrram
428 2996 519 3052 metior
532 2989 680 3055 uideretur,
701 2992 792 3055 litem,
807 2993 915 3061 cognitu
932 2985 1002 3045 inter
1014 2991 1214 3063 disceptandum
1227 2994 1329 3065 tutant-

335 3089 409 3146 tete,
425 3079 550 3136 dimittat.
584 3075 672 3131 Nemo
689 3075 852 3144 prudentior
868 3071 1010 3148 scripserit
1025 3094 1070 3130 nee
1086 3090 1156 3137 vero.

351 3232 404 3295 at.
431 3231 476 3296 Ad
496 3230 657 3295 orationis
675 3227 981 3294 conformationem
1005 3227 1097 3316 qnod
1113 3230 1239 3305 attinet,
1264 3228 1328 3294 ob·

265 3317 462 3416 servandum
488 3327 554 3398 est,
585 3315 823 3402 verba-neque
852 3337 928 3380 vero
966 3315 1002 3382 in
1032 3317 1329 3403 antcoecupatione

265 3425 429 3492 usurpari.

372 3522 430 3578 cie.
444 3523 479 3575 de
494 3521 572 3574 Orat.
588 3521 614 3587 1,
630 3519 675 3584 51,
690 3517 751 3575 219.
768 3533 847 3588 neque
861 3532 920 3572 uero
936 3519 991 3572 tate
1015 3519 1158 3590 tragoediis
1179 3519 1250 3584 trie,
1267 3523 1328 3588 qni-

333 3611 379 3662 aas
393 3609 434 3660 nti
445 3607 593 3676 philosophi
614 3607 724 3660 maxim
737 3603 835 3669 acient,
857 3606 963 3669 urano,
985 3607 1141 3674 perturbor.=
1164 3605 1191 3670 l,
1206 3602 1250 3670 dd,
1264 3603 1327 3669 229,

335 3705 416 3762 neque
432 3707 491 3746 uero
507 3691 556 3744 tenc
568 3691 652 3744 satum
666 3687 751 3755 aitte,
768 3691 814 3743 aed
830 3690 886 3759 ipae
900 3691 978 3743 eeneit
993 3671 1102 3759 etfacit.

158 3938 166 3950 ·
363 3864 417 3927 25.
447 3861 624 3948 Donaque
650 3870 765 3948 certem
789 3857 858 3924 dixi
879 3857 981 3923 Toni.
999 3864 1027 3922 t.
1049 3881 1082 3946 p.
1103 3829 1179 3924 5⁵85.
1201 3856 1241 3922 de
1262 3882 1327 3922 ne·

268 3968 330 4034 que
355 3949 462 4012 etium
485 3947 585 4028 sl‘om.
603 3952 633 4010 2.
659 3968 692 4031 p.
709 3949 784 4009 552.
812 3945 906 4024 Quane
928 3945 954 4006 si
984 3945 1111 4030 Grysar
1130 3953 1328 4032 reputasset,

208 4079 211 4088 .
269 4030 416 4129 intimo
443 4033 531 4098 Artis
562 4035 620 4097 tat.
646 4028 747 4096 scrib.
777 4053 810 4119 p.
836 4029 911 4096 556.
949 4030 1157 4096 abstinuisset
1188 4027 1327 4112 cresu-

266 4128 403 4184 tatiane.
