2804 4722
516 303 693 374 uoutvss
1074 307 1140 380 tta

149 473 386 614 medemini}
405 491 462 529 non
480 475 545 545 dtu,
581 493 650 546 nuuc
666 483 801 546 tannem
816 475 851 532 de
867 476 1014 548 madae
1039 481 1140 553 uacat

150 572 220 617 cnut.
256 600 274 630 ,,
319 598 327 625 ,
389 595 397 612 ·
666 567 669 572 '

166 669 198 730 7.
225 665 311 728 Cum
334 660 512 750 negatione
532 661 688 748 coniungi
701 661 818 752 potius
840 672 873 728 et
895 663 961 732 dici
980 689 1050 734 aon
1066 685 1139 754 po-

79 753 150 818 tius
164 785 209 800 -—
230 771 334 838 quam
353 747 560 835 grammatici
582 747 705 814 docent
733 748 810 814 loco
831 749 898 817 Cic.
928 751 970 816 ds
993 752 1083 817 Orat.
1106 757 1139 836 2,

79 843 135 918 78,
156 841 232 902 817.
255 845 383 922 quiante
405 834 468 897 lucc
490 833 607 918 magia
624 833 839 900 ‘iactatione
860 837 1138 923 exspectandum,

81 925 121 988 in
142 944 211 1009 qna
243 944 312 983 nun
340 921 396 982 vis
416 919 558 1004 potina,
588 941 691 1006 qaium
721 920 906 986 delectatio
928 923 1138 1007 postulatur.

79 1009 191 1093 Nemo
212 1014 325 1070 tumen
349 1025 508 1088 umquam
532 1005 576 1067 ita
599 1005 757 1090 loquutus
780 1016 853 1073 est„
891 1007 956 1074 Alii
978 1008 1055 1073 libri
1075 1009 1137 1074 ha-

82 1095 164 1158 bent
187 1113 257 1156 non
277 1092 333 1154 cis
348 1091 477 1175 potitus,
512 1091 574 1154 aed
596 1090 798 1156 delectatioe
831 1113 933 1178 quare
954 1094 1067 1158 critici.
1082 1104 1138 1160 aut

78 1179 196 1268 potitis
227 1175 447 1240 omittendum
482 1197 551 1239 csse
588 1188 796 1259 censuerunt,
828 1188 954 1243 servata
979 1179 1137 1266 particula

80 1264 154 1342 aad,
177 1273 232 1328 aut
247 1261 460 1326 scribendum
477 1260 538 1325 aed
546 1262 678 1347 potius,
700 1273 843 1328 autnon
860 1263 920 1342 ais,
936 1265 1052 1350 potius
1076 1265 1139 1330 de-

81 1348 223 1415 lectatio
249 1346 457 1432 postulatur.
499 1347 598 1410 Recte
623 1348 744 1412 dicitur
765 1348 803 1414 in
825 1371 892 1436 qua
913 1373 984 1414 non
1002 1350 1057 1414 via
1070 1373 1139 1437 pc-

81 1435 162 1512 tius,
186 1432 248 1498 aed
270 1432 454 1498 delectatio
473 1432 687 1516 postulatur,
711 1433 774 1499 hao
803 1434 939 1520 quidem
963 1439 1137 1514 sententia,

83 1522 153 1585 vim
169 1541 240 1584 non
257 1517 301 1600 ita
322 1517 495 1606 postulari,
520 1528 555 1580 nt
577 1519 774 1606 praevaleat,
794 1519 851 1584 sed
872 1521 1138 1589 delectationem.

82 1607 205 1671 Adesse
227 1604 316 1669 enim
341 1601 438 1666 debet
462 1603 518 1680 vis,
540 1604 594 1667 sed
619 1625 687 1668 nou
713 1625 792 1692 prae
814 1606 929 1670 ceteris
951 1606 1137 1672 virtutibus.

83 1693 214 1757 Tamen
239 1687 324 1753 haud
346 1689 433 1752 male
453 1689 554 1754 sensit
577 1687 758 1770 Ernestius,
784 1711 857 1756 voc.
880 1691 996 1778 potina
1021 1690 1062 1757 ab
1082 1693 1138 1759 in-

83 1775 290 1864 terpolatore
309 1774 458 1838 additum
482 1795 551 1836 esse
584 1774 795 1842 existimanse
827 1777 924 1843 sicuti
944 1789 1138 1868 suspectum

83 1873 135 1928 est
154 1859 244 1949 apud
265 1859 417 1956 Plautum
438 1857 542 1922 Stich.
567 1863 599 1933 8,
619 1865 648 1942 1,
670 1861 725 1926 40.

185 1980 323 2034 Perverse
341 1975 470 2048 opinione
488 1977 658 2034 Goereuniua
675 1981 704 2034 iu
722 1979 767 2036 hia
786 1981 844 2038 cia.
863 1983 897 2036 dc
917 1981 977 2038 uta.
993 1982 1020 2054 4,
1036 1967 1079 2050 12,
1094 1983 1140 2040 61.

154 2067 203 2120 leuc
227 2065 310 2118 simile
333 2067 440 2118 tandem
463 2065 522 2118 eat?
550 2082 603 2119 non
626 2067 683 2120 rien
695 2069 786 2136 potina
804 2086 883 2136 quani
900 2069 1016 2122 aratione
1033 2069 1141 2124 eiicien-

155 2149 239 2204 (1υωῖ
263 2149 377 2203 sustulit
401 2147 656 2220 intericgattoacm,
680 2150 860 2222 ausuaga
876 2152 1044 2210 ructatum.
1082 2153 1141 2210 In-

153 2241 236 2290 ctuut.
255 2234 281 2299 6,
297 2233 342 2303 14,
359 2233 385 2286 6.
404 2236 494 2288 dicum
514 2253 563 2300 cce,
583 2238 627 2304 qni
652 2239 723 2290 nacti.
734 2239 886 2303 uideantur,
912 2258 967 2292 non
984 2256 1033 2293 sua
1051 2247 1142 2310 sponte

153 2336 268 2389 peccare,
287 2337 335 2371 ncc
351 2319 424 2372 mala
439 2321 526 2388 potina
541 2321 648 2390 eligere,
663 2322 708 2374 aed
724 2321 848 2374 bonosum
867 2324 949 2390 specie
965 2324 1054 2394 lapsae
1070 2325 1141 2378 inci-

154 2403 215 2455 dere
233 2404 261 2454 in
277 2405 360 2456 nacla.
378 2401 405 2468 6,
423 2401 466 2468 12,
484 2403 527 2455 16.
541 2422 628 2458 mrum
645 2405 693 2457 iaco
709 2404 754 2458 ttte
767 2422 818 2457 non
829 2407 918 2476 potius
935 2405 1048 2472 incante,
1064 2409 1143 2478 (qnid

155 2489 223 2540 enim
246 2489 332 2542 minue
349 2487 376 2539 in
403 2487 549 2541 Ciceronem
576 2487 728 2556 concniitl)
761 2489 806 2541 ced
822 2489 979 2557 ignorantia
996 2491 1050 2542 cert
1074 2492 1142 2546 turta

153 2575 266 2643 prudens
283 2592 315 2626 aa
332 2573 455 2624 sciencia
471 2573 517 2625 hcc
532 2589 559 2625 cc
576 2573 680 2642 hancce
697 2573 790 2625 induit.
824 2569 870 2624 ltu
889 2571 1142 2644 interpungendum

155 2673 218 2710 enac
236 2657 292 2711 iam
316 2656 508 2726 Heusingerus
525 2655 610 2710 vidit.v
1011 2651 1015 2658 ’

172 2763 205 2826 8.
230 2759 292 2824 Vbi
309 2759 352 2838 it,
373 2759 465 2846 quod
484 2759 609 2824 dictum
628 2767 709 2838 erat,
733 2755 859 2824 rectius
878 2755 1083 2846 designatur,
1105 2759 1142 2826 in

85 2845 325 2932 coniungendis
354 2847 524 2912 sententiis
555 2843 736 2932 particulae
762 2841 838 2924 cel,
871 2841 957 2926 aive,
988 2856 1061 2925 aut,
1090 2868 1143 2924 ac,

85 2953 151 3021 quc
173 2942 401 3017 apponuntur,
433 2953 518 3015 quae
539 2953 637 3019 saepo
659 2927 855 3016 opponendi
879 2928 946 2996 vim
976 2941 1142 2998 exercent.

194 3034 250 3086 Cic.
268 3035 346 3088 Brut.
362 3033 406 3098 8⁵,
424 3033 485 3088 296.
503 3052 583 3103 qnam
592 3034 679 3086 Attico
690 3033 786 3102 byciae
806 3032 932 3108 Catonem
947 3039 1061 3088 noctram
1073 3051 1145 3088 con-

154 3121 286 3189 paratae,
308 3137 438 3188 nagnam
463 3120 608 3172 acinacie
632 3117 777 3182 nominans,
803 3117 843 3170 ccl
863 3117 950 3186 potius
972 3135 1101 3174 cummuni
1119 3128 1145 3174 a

156 3203 321 3274 singularem
340 3205 433 3258 cirum.
452 3221 481 3272 p.
495 3201 685 3272 1113611122.
703 3203 739 3258 ad
751 3199 876 3270 ditm.
892 3219 920 3270 p.
928 3200 1022 3268 Quint.
1038 3201 1082 3268 25,
1099 3200 1144 3256 86.

158 3305 175 3342 a
193 3289 322 3342 lomim
332 3294 515 3357 fortunatum,
535 3290 581 3357 qai
596 3289 722 3342 eiusmodi
740 3287 855 3350 nuntiae,
872 3305 917 3340 een
931 3290 1018 3359 potina
1032 3305 1145 3358 pegasca

157 3373 261 3430 lateat.
297 3373 407 3426 cornel.
426 3375 508 3426 Eum.
525 3373 552 3426 2.
581 3369 933 3439 Quintit.t,1tt‚18.aae
950 3372 1019 3427 eata
1035 3371 1144 3440 tongam

158 3463 271 3524 tantuna,
288 3461 334 3512 aad
350 3460 429 3514 ettam
447 3457 605 3529 inpunitate
622 3464 671 3510 ant
682 3455 768 3526 potina
782 3455 914 3526 infinitum
922 3461 970 3512 eat.
987 3453 1145 3510 VideTcan.

193 3623 235 3678 De
253 3644 285 3680 ac
301 3627 390 3696 potius
405 3623 469 3678 vide
487 3625 567 3679 Tam.
585 3625 612 3676 1.
627 3639 654 3692 p.
672 3621 733 3678 501.
768 3623 847 3678 Adde
865 3639 936 3696 quae
954 3623 1092 3678 Multarua
1109 3619 1145 3678 nd

160 3708 218 3763 cic.
238 3709 271 3763 de
287 3711 364 3764 ont.
381 3709 407 3776 2,
426 3709 470 3777 31,
486 3709 548 3764 166.
576 3709 633 3766 cic.
650 3710 685 3761 dc
703 3707 760 3763 Off.
783 3709 810 3779 1,
826 3709 870 3778 26,
889 3708 932 3764 92.
956 3725 1038 3778 aeque
1061 3708 1147 3762 ascha

159 3795 246 3848 dantes
262 3797 297 3850 ab
312 3797 367 3850 cina
382 3813 432 3848 usa
447 3813 515 3862 caca,
533 3797 668 3866 potiusque
690 3801 714 3849 ct
738 3796 830 3850 amnia
847 3795 1027 3864 impertientes.
1062 3790 1147 3846 Acad.

159 3877 186 3945 2,
202 3877 245 3946 18,
262 3877 305 3934 66.
322 3882 439 3950 primam
453 3879 556 3948 quidem
571 3896 612 3934 nc
628 3881 664 3934 ad
676 3881 855 3936 Democritum
871 3895 957 3944 ccccc,
976 3877 1018 3932 cai
1035 3893 1087 3932 ncn
1102 3893 1147 3932 ac-

159 3965 266 4030 tantiae,
280 3967 416 4036 potiusque
432 3964 531 4034 rescito.

177 4069 211 4132 9.
231 4063 406 4131 Interdum
427 4065 547 4152 potius
568 4065 612 4130 ita
635 4065 831 4146 collocatur,
851 4072 889 4127 ut
909 4083 977 4150 quo
999 4059 1146 4130 referen-

90 4151 176 4219 dum
204 4151 259 4229 ait,
289 4173 330 4218 ex
357 4149 486 4239 reliqua
509 4151 662 4218 oratioue
682 4151 753 4242 peti
779 4158 946 4238 oporteat.
987 4148 1147 4220 Germani

865 4251 939 4316 38*
