<?xml version="1.0" encoding="UTF-8"?>
<!DOCTYPE html PUBLIC "-//W3C//DTD XHTML 1.0 Transitional//EN"
    "http://www.w3.org/TR/xhtml1/DTD/xhtml1-transitional.dtd">
<html xmlns="http://www.w3.org/1999/xhtml" xml:lang="en" lang="en">
 <head>
  <title>
</title>
<meta http-equiv="Content-Type" content="text/html;charset=utf-8" />
  <meta name='ocr-system' content='tesseract 3.04.00' />
  <meta name='ocr-capabilities' content='ocr_page ocr_carea ocr_par ocr_line ocrx_word'/>
</head>
<body>
  <div class='ocr_page' id='page_1' title='image "./ferdinandihandi00handgoog/ferdinandihandi00handgoog_0101.png"; bbox 0 0 2858 4714; ppageno 0'>
   <div class='ocr_carea' id='block_1_1' title="bbox 927 125 933 157">
    <p class='ocr_par' dir='ltr' id='par_1_1' title="bbox 927 125 933 157">
     <span class='ocr_line' id='line_1_1' title="bbox 927 125 933 157; baseline 0 0"><span class='ocrx_word' id='word_1_1' title='bbox 927 125 933 157; x_wconf 86' lang='lat' dir='ltr'><strong>l</strong></span> 
     </span>
    </p>
   </div>
   <div class='ocr_carea' id='block_1_2' title="bbox 246 223 932 355">
    <p class='ocr_par' dir='ltr' id='par_1_2' title="bbox 246 223 932 355">
     <span class='ocr_line' id='line_1_2' title="bbox 246 223 932 355; baseline -0.006 -13"><span class='ocrx_word' id='word_1_2' title='bbox 246 223 328 342; x_wconf 68' lang='grc' dir='ltr'><strong>ρι’</strong></span> <span class='ocrx_word' id='word_1_3' title='bbox 375 327 377 334; x_wconf 76' lang='grc'>,</span> <span class='ocrx_word' id='word_1_4' title='bbox 492 329 496 342; x_wconf 85' lang='grc'><strong>.</strong></span> <span class='ocrx_word' id='word_1_5' title='bbox 621 269 721 348; x_wconf 80' lang='lat' dir='ltr'><strong>usn.</strong></span> <span class='ocrx_word' id='word_1_6' title='bbox 765 267 932 355; x_wconf 78' lang='lat' dir='ltr'><strong>naara</strong></span> 
     </span>
    </p>
   </div>
   <div class='ocr_carea' id='block_1_3' title="bbox 247 440 1312 621">
    <p class='ocr_par' dir='ltr' id='par_1_3' title="bbox 247 440 1312 621">
     <span class='ocr_line' id='line_1_3' title="bbox 249 440 1312 532; baseline 0.008 -26"><span class='ocrx_word' id='word_1_7' title='bbox 249 459 330 508; x_wconf 83' lang='lat' dir='ltr'><strong>vero</strong></span> <span class='ocrx_word' id='word_1_8' title='bbox 351 440 617 524; x_wconf 72' lang='lat' dir='ltr'><strong>tantunt’abest,</strong></span> <span class='ocrx_word' id='word_1_9' title='bbox 645 443 754 508; x_wconf 80' lang='lat' dir='ltr'><strong>utris</strong></span> <span class='ocrx_word' id='word_1_10' title='bbox 780 445 966 531; x_wconf 69' lang='lat' dir='ltr'><strong>negationis</strong></span> <span class='ocrx_word' id='word_1_11' title='bbox 997 441 1059 508; x_wconf 87' lang='lat' dir='ltr'><strong>hac</strong></span> <span class='ocrx_word' id='word_1_12' title='bbox 1093 445 1312 532; x_wconf 87' lang='lat' dir='ltr'><strong>oppositione</strong></span> 
     </span>
     <span class='ocr_line' id='line_1_4' title="bbox 247 529 1310 621; baseline 0.005 -28"><span class='ocrx_word' id='word_1_13' title='bbox 247 537 415 612; x_wconf 84' lang='lat' dir='ltr'><strong>augeatur,</strong></span> <span class='ocrx_word' id='word_1_14' title='bbox 440 539 475 592; x_wconf 89' lang='lat' dir='ltr'><strong>ut</strong></span> <span class='ocrx_word' id='word_1_15' title='bbox 496 549 593 616; x_wconf 87' lang='lat' dir='ltr'><strong>saepe</strong></span> <span class='ocrx_word' id='word_1_16' title='bbox 608 529 690 594; x_wconf 86' lang='lat' dir='ltr'><strong>adeo</strong></span> <span class='ocrx_word' id='word_1_17' title='bbox 707 532 886 610; x_wconf 84' lang='lat' dir='ltr'><strong>minuatur,</strong></span> <span class='ocrx_word' id='word_1_18' title='bbox 912 539 1010 617; x_wconf 86' lang='lat' dir='ltr'><strong>atque</strong></span> <span class='ocrx_word' id='word_1_19' title='bbox 1028 551 1091 595; x_wconf 84' lang='lat' dir='ltr'><strong>nec</strong></span> <span class='ocrx_word' id='word_1_20' title='bbox 1106 532 1210 618; x_wconf 79' lang='lat' dir='ltr'><strong>accipi</strong></span> <span class='ocrx_word' id='word_1_21' title='bbox 1227 555 1310 621; x_wconf 60' lang='lat' dir='ltr'><strong>posq-</strong></span> 
     </span>
    </p>
   </div>
   <div class='ocr_carea' id='block_1_4' title="bbox 138 612 1308 702">
    <p class='ocr_par' dir='ltr' id='par_1_4' title="bbox 138 612 1308 702">
     <span class='ocr_line' id='line_1_5' title="bbox 138 612 1308 702; baseline 0.006 -25"><span class='ocrx_word' id='word_1_22' title='bbox 138 616 143 624; x_wconf 81' lang='grc'><em>’</em></span> <span class='ocrx_word' id='word_1_23' title='bbox 246 614 291 679; x_wconf 84' lang='lat' dir='ltr'><strong>sit</strong></span> <span class='ocrx_word' id='word_1_24' title='bbox 308 633 370 702; x_wconf 85' lang='lat' dir='ltr'><strong>pro</strong></span> <span class='ocrx_word' id='word_1_25' title='bbox 387 612 481 678; x_wconf 79' lang='lat' dir='ltr'><strong>nicht</strong></span> <span class='ocrx_word' id='word_1_26' title='bbox 499 626 588 680; x_wconf 79' lang='lat' dir='ltr'><strong>etwc</strong></span> <span class='ocrx_word' id='word_1_27' title='bbox 608 615 657 680; x_wconf 80' lang='lat' dir='ltr'><strong>vel</strong></span> <span class='ocrx_word' id='word_1_28' title='bbox 676 617 886 681; x_wconf 79' lang='lat' dir='ltr'><strong>arrolaniclat.</strong></span> <span class='ocrx_word' id='word_1_29' title='bbox 917 612 985 680; x_wconf 79' lang='lat' dir='ltr'><strong>cia.</strong></span> <span class='ocrx_word' id='word_1_30' title='bbox 1002 615 1042 681; x_wconf 91' lang='lat' dir='ltr'><strong>ad</strong></span> <span class='ocrx_word' id='word_1_31' title='bbox 1063 615 1308 697; x_wconf 58' lang='lat' dir='ltr'><strong>Panopes.</strong></span> 
     </span>
    </p>
   </div>
   <div class='ocr_carea' id='block_1_5' title="bbox 245 689 1310 964">
    <p class='ocr_par' dir='ltr' id='par_1_5' title="bbox 245 689 1310 964">
     <span class='ocr_line' id='line_1_6' title="bbox 247 689 1310 788; baseline 0.005 -23"><span class='ocrx_word' id='word_1_32' title='bbox 247 721 310 765; x_wconf 81' lang='lat' dir='ltr'><strong>nec</strong></span> <span class='ocrx_word' id='word_1_33' title='bbox 325 699 364 765; x_wconf 81' lang='lat' dir='ltr'><strong>id</strong></span> <span class='ocrx_word' id='word_1_34' title='bbox 378 700 428 764; x_wconf 86' lang='lat' dir='ltr'><strong>ud</strong></span> <span class='ocrx_word' id='word_1_35' title='bbox 443 701 659 788; x_wconf 84' lang='lat' dir='ltr'><strong>voluptutem</strong></span> <span class='ocrx_word' id='word_1_36' title='bbox 675 700 797 786; x_wconf 71' lang='lat' dir='ltr'><strong>refero,</strong></span> <span class='ocrx_word' id='word_1_37' title='bbox 815 703 877 767; x_wconf 85' lang='lat' dir='ltr'><strong>sed</strong></span> <span class='ocrx_word' id='word_1_38' title='bbox 895 700 946 767; x_wconf 85' lang='lat' dir='ltr'><strong>ad</strong></span> <span class='ocrx_word' id='word_1_39' title='bbox 959 689 1241 768; x_wconf 76' lang='lat' dir='ltr'><strong>communitatem</strong></span> <span class='ocrx_word' id='word_1_40' title='bbox 1256 707 1310 770; x_wconf 76' lang='lat' dir='ltr'><strong>oi-</strong></span> 
     </span>
     <span class='ocr_line' id='line_1_7' title="bbox 245 785 1309 878; baseline 0.007 -27"><span class='ocrx_word' id='word_1_41' title='bbox 245 795 307 852; x_wconf 80' lang='lat' dir='ltr'><strong>tac</strong></span> <span class='ocrx_word' id='word_1_42' title='bbox 325 797 427 873; x_wconf 81' lang='lat' dir='ltr'><strong>atque</strong></span> <span class='ocrx_word' id='word_1_43' title='bbox 443 785 560 851; x_wconf 76' lang='lat' dir='ltr'><strong>uictus.</strong></span> <span class='ocrx_word' id='word_1_44' title='bbox 603 787 715 852; x_wconf 84' lang='lat' dir='ltr'><strong>Manet</strong></span> <span class='ocrx_word' id='word_1_45' title='bbox 733 789 894 856; x_wconf 80' lang='lat' dir='ltr'><strong>tamenin</strong></span> <span class='ocrx_word' id='word_1_46' title='bbox 911 789 951 856; x_wconf 90' lang='lat' dir='ltr'><strong>iis</strong></span> <span class='ocrx_word' id='word_1_47' title='bbox 965 788 1069 876; x_wconf 86' lang='lat' dir='ltr'><strong>ipsius</strong></span> <span class='ocrx_word' id='word_1_48' title='bbox 1084 790 1309 878; x_wconf 87' lang='lat' dir='ltr'><strong>oppositionis</strong></span> 
     </span>
     <span class='ocr_line' id='line_1_8' title="bbox 246 873 632 964; baseline 0 -25"><span class='ocrx_word' id='word_1_49' title='bbox 246 873 295 940; x_wconf 79' lang='lat' dir='ltr'><strong>vio</strong></span> <span class='ocrx_word' id='word_1_50' title='bbox 310 895 372 964; x_wconf 87' lang='lat' dir='ltr'><strong>per</strong></span> <span class='ocrx_word' id='word_1_51' title='bbox 387 891 449 936; x_wconf 83' lang='lat' dir='ltr'><strong>nea</strong></span> <span class='ocrx_word' id='word_1_52' title='bbox 466 877 632 962; x_wconf 79' lang='lat' dir='ltr'><strong>expressa.</strong></span> 
     </span>
    </p>
   </div>
   <div class='ocr_carea' id='block_1_6' title="bbox 161 1009 1359 4178">
    <p class='ocr_par' dir='ltr' id='par_1_6' title="bbox 184 1009 1359 2305">
     <span class='ocr_line' id='line_1_9' title="bbox 329 1009 1303 1100; baseline 0.004 -22"><span class='ocrx_word' id='word_1_53' title='bbox 329 1011 400 1078; x_wconf 80' lang='lat' dir='ltr'><strong>Nos</strong></span> <span class='ocrx_word' id='word_1_54' title='bbox 414 1021 563 1078; x_wconf 84' lang='lat' dir='ltr'><strong>tenemus</strong></span> <span class='ocrx_word' id='word_1_55' title='bbox 578 1034 680 1078; x_wconf 84' lang='lat' dir='ltr'><strong>arnum</strong></span> <span class='ocrx_word' id='word_1_56' title='bbox 699 1009 783 1091; x_wconf 86' lang='lat' dir='ltr'><strong>hoc,</strong></span> <span class='ocrx_word' id='word_1_57' title='bbox 808 1009 898 1099; x_wconf 90' lang='lat' dir='ltr'><strong>quod</strong></span> <span class='ocrx_word' id='word_1_58' title='bbox 917 1013 947 1077; x_wconf 93' lang='lat' dir='ltr'><strong>in</strong></span> <span class='ocrx_word' id='word_1_59' title='bbox 976 1012 1045 1100; x_wconf 86' lang='lat' dir='ltr'><strong>ipsa</strong></span> <span class='ocrx_word' id='word_1_60' title='bbox 1067 1009 1303 1100; x_wconf 85' lang='lat' dir='ltr'><strong>particularum</strong></span> 
     </span>
     <span class='ocr_line' id='line_1_10' title="bbox 244 1097 1306 1192; baseline 0.005 -27"><span class='ocrx_word' id='word_1_61' title='bbox 244 1109 359 1166; x_wconf 87' lang='lat' dir='ltr'><strong>natum</strong></span> <span class='ocrx_word' id='word_1_62' title='bbox 375 1099 474 1164; x_wconf 89' lang='lat' dir='ltr'><strong>situm</strong></span> <span class='ocrx_word' id='word_1_63' title='bbox 494 1110 560 1177; x_wconf 84' lang='lat' dir='ltr'><strong>ast,</strong></span> <span class='ocrx_word' id='word_1_64' title='bbox 584 1123 646 1164; x_wconf 80' lang='lat' dir='ltr'><strong>nac</strong></span> <span class='ocrx_word' id='word_1_65' title='bbox 663 1121 731 1165; x_wconf 83' lang='lat' dir='ltr'><strong>esse</strong></span> <span class='ocrx_word' id='word_1_66' title='bbox 754 1097 1005 1164; x_wconf 72' lang='lat' dir='ltr'><strong>demonstrativi</strong></span> <span class='ocrx_word' id='word_1_67' title='bbox 1029 1102 1176 1184; x_wconf 85' lang='lat' dir='ltr'><strong>generis,</strong></span> <span class='ocrx_word' id='word_1_68' title='bbox 1200 1127 1306 1192; x_wconf 82' lang='lat' dir='ltr'><strong>neque</strong></span> 
     </span>
     <span class='ocr_line' id='line_1_11' title="bbox 243 1180 1305 1274; baseline 0.001 -21"><span class='ocrx_word' id='word_1_69' title='bbox 243 1185 383 1254; x_wconf 77' lang='lat' dir='ltr'><strong>relativi.</strong></span> <span class='ocrx_word' id='word_1_70' title='bbox 438 1183 517 1249; x_wconf 89' lang='lat' dir='ltr'><strong>lnde</strong></span> <span class='ocrx_word' id='word_1_71' title='bbox 542 1207 618 1250; x_wconf 85' lang='lat' dir='ltr'><strong>vero</strong></span> <span class='ocrx_word' id='word_1_72' title='bbox 644 1180 805 1264; x_wconf 84' lang='lat' dir='ltr'><strong>efficitur,</strong></span> <span class='ocrx_word' id='word_1_73' title='bbox 835 1194 871 1248; x_wconf 88' lang='lat' dir='ltr'><strong>ut</strong></span> <span class='ocrx_word' id='word_1_74' title='bbox 897 1205 959 1249; x_wconf 83' lang='lat' dir='ltr'><strong>nec</strong></span> <span class='ocrx_word' id='word_1_75' title='bbox 983 1182 1022 1248; x_wconf 90' lang='lat' dir='ltr'><strong>ad</strong></span> <span class='ocrx_word' id='word_1_76' title='bbox 1055 1207 1110 1262; x_wconf 89' lang='lat' dir='ltr'><strong>ea,</strong></span> <span class='ocrx_word' id='word_1_77' title='bbox 1143 1209 1226 1274; x_wconf 90' lang='lat' dir='ltr'><strong>quae</strong></span> <span class='ocrx_word' id='word_1_78' title='bbox 1250 1213 1305 1254; x_wconf 88' lang='lat' dir='ltr'><strong>se-</strong></span> 
     </span>
     <span class='ocr_line' id='line_1_12' title="bbox 243 1269 1305 1362; baseline 0.005 -26"><span class='ocrx_word' id='word_1_79' title='bbox 243 1283 403 1360; x_wconf 89' lang='lat' dir='ltr'><strong>quuntur,</strong></span> <span class='ocrx_word' id='word_1_80' title='bbox 418 1269 595 1346; x_wconf 82' lang='lat' dir='ltr'><strong>referatur,</strong></span> <span class='ocrx_word' id='word_1_81' title='bbox 618 1270 779 1359; x_wconf 82' lang='lat' dir='ltr'><strong>nequead</strong></span> <span class='ocrx_word' id='word_1_82' title='bbox 798 1291 846 1346; x_wconf 85' lang='lat' dir='ltr'><strong>ea,</strong></span> <span class='ocrx_word' id='word_1_83' title='bbox 869 1291 951 1356; x_wconf 88' lang='lat' dir='ltr'><strong>quac</strong></span> <span class='ocrx_word' id='word_1_84' title='bbox 970 1269 1183 1353; x_wconf 87' lang='lat' dir='ltr'><strong>antecedunt,</strong></span> <span class='ocrx_word' id='word_1_85' title='bbox 1206 1285 1305 1362; x_wconf 85' lang='lat' dir='ltr'><strong>atquc</strong></span> 
     </span>
     <span class='ocr_line' id='line_1_13' title="bbox 241 1353 1303 1446; baseline -0.001 -20"><span class='ocrx_word' id='word_1_86' title='bbox 241 1359 287 1426; x_wconf 87' lang='lat' dir='ltr'><strong>ita</strong></span> <span class='ocrx_word' id='word_1_87' title='bbox 303 1357 458 1446; x_wconf 88' lang='lat' dir='ltr'><strong>quidem,</strong></span> <span class='ocrx_word' id='word_1_88' title='bbox 483 1368 520 1421; x_wconf 83' lang='lat' dir='ltr'><strong>ut</strong></span> <span class='ocrx_word' id='word_1_89' title='bbox 534 1357 568 1421; x_wconf 92' lang='lat' dir='ltr'><strong>in</strong></span> <span class='ocrx_word' id='word_1_90' title='bbox 585 1379 691 1444; x_wconf 81' lang='lat' dir='ltr'><strong>neque</strong></span> <span class='ocrx_word' id='word_1_91' title='bbox 709 1357 755 1420; x_wconf 87' lang='lat' dir='ltr'><strong>vis</strong></span> <span class='ocrx_word' id='word_1_92' title='bbox 782 1356 980 1444; x_wconf 88' lang='lat' dir='ltr'><strong>copulandi,</strong></span> <span class='ocrx_word' id='word_1_93' title='bbox 1005 1353 1037 1420; x_wconf 91' lang='lat' dir='ltr'><strong>ia</strong></span> <span class='ocrx_word' id='word_1_94' title='bbox 1064 1380 1127 1422; x_wconf 84' lang='lat' dir='ltr'><strong>nec</strong></span> <span class='ocrx_word' id='word_1_95' title='bbox 1150 1359 1219 1446; x_wconf 87' lang='lat' dir='ltr'><strong>ipsa</strong></span> <span class='ocrx_word' id='word_1_96' title='bbox 1240 1383 1303 1425; x_wconf 80' lang='lat' dir='ltr'><strong>ns-</strong></span> 
     </span>
     <span class='ocr_line' id='line_1_14' title="bbox 241 1442 1299 1540; baseline 0.003 -31"><span class='ocrx_word' id='word_1_97' title='bbox 241 1445 331 1531; x_wconf 79' lang='lat' dir='ltr'><strong>gatio</strong></span> <span class='ocrx_word' id='word_1_98' title='bbox 350 1444 424 1532; x_wconf 86' lang='lat' dir='ltr'><strong>plus</strong></span> <span class='ocrx_word' id='word_1_99' title='bbox 444 1443 556 1508; x_wconf 75' lang='lat' dir='ltr'><strong>valeat.</strong></span> <span class='ocrx_word' id='word_1_100' title='bbox 600 1442 643 1520; x_wconf 80' lang='lat' dir='ltr'><strong>Et</strong></span> <span class='ocrx_word' id='word_1_101' title='bbox 659 1462 762 1529; x_wconf 90' lang='lat' dir='ltr'><strong>quum</strong></span> <span class='ocrx_word' id='word_1_102' title='bbox 782 1445 815 1506; x_wconf 93' lang='lat' dir='ltr'><strong>in</strong></span> <span class='ocrx_word' id='word_1_103' title='bbox 839 1463 1046 1540; x_wconf 88' lang='lat' dir='ltr'><strong>quacumque</strong></span> <span class='ocrx_word' id='word_1_104' title='bbox 1068 1446 1243 1530; x_wconf 85' lang='lat' dir='ltr'><strong>negatione</strong></span> <span class='ocrx_word' id='word_1_105' title='bbox 1266 1444 1299 1512; x_wconf 92' lang='lat' dir='ltr'><strong>id</strong></span> 
     </span>
     <span class='ocr_line' id='line_1_15' title="bbox 241 1526 1300 1618; baseline 0 -21"><span class='ocrx_word' id='word_1_106' title='bbox 241 1532 389 1597; x_wconf 85' lang='lat' dir='ltr'><strong>maxime</strong></span> <span class='ocrx_word' id='word_1_107' title='bbox 411 1531 553 1618; x_wconf 86' lang='lat' dir='ltr'><strong>spectari</strong></span> <span class='ocrx_word' id='word_1_108' title='bbox 578 1531 702 1616; x_wconf 79' lang='lat' dir='ltr'><strong>possit,</strong></span> <span class='ocrx_word' id='word_1_109' title='bbox 733 1526 823 1615; x_wconf 88' lang='lat' dir='ltr'><strong>quod</strong></span> <span class='ocrx_word' id='word_1_110' title='bbox 858 1539 1062 1592; x_wconf 77' lang='lat' dir='ltr'><strong>contrarium</strong></span> <span class='ocrx_word' id='word_1_111' title='bbox 1088 1536 1149 1606; x_wconf 87' lang='lat' dir='ltr'><strong>est,</strong></span> <span class='ocrx_word' id='word_1_112' title='bbox 1180 1531 1213 1595; x_wconf 93' lang='lat' dir='ltr'><strong>in</strong></span> <span class='ocrx_word' id='word_1_113' title='bbox 1237 1552 1300 1597; x_wconf 81' lang='lat' dir='ltr'><strong>nec</strong></span> 
     </span>
     <span class='ocr_line' id='line_1_16' title="bbox 240 1611 1359 1704; baseline -0.002 -22"><span class='ocrx_word' id='word_1_114' title='bbox 240 1615 420 1702; x_wconf 73' lang='lat' dir='ltr'><strong>habemus,</strong></span> <span class='ocrx_word' id='word_1_115' title='bbox 455 1637 524 1704; x_wconf 89' lang='lat' dir='ltr'><strong>quo</strong></span> <span class='ocrx_word' id='word_1_116' title='bbox 562 1611 807 1702; x_wconf 83' lang='lat' dir='ltr'><strong>oppositionem</strong></span> <span class='ocrx_word' id='word_1_117' title='bbox 850 1611 1034 1680; x_wconf 86' lang='lat' dir='ltr'><strong>distinctius</strong></span> <span class='ocrx_word' id='word_1_118' title='bbox 1065 1611 1300 1702; x_wconf 80' lang='lat' dir='ltr'><strong>significemus.</strong></span> <span class='ocrx_word' id='word_1_119' title='bbox 1356 1631 1359 1638; x_wconf 82' lang='lat'>&#39;</span> 
     </span>
     <span class='ocr_line' id='line_1_17' title="bbox 239 1697 1299 1789; baseline 0.002 -23"><span class='ocrx_word' id='word_1_120' title='bbox 239 1701 348 1789; x_wconf 85' lang='lat' dir='ltr'><strong>Saepe</strong></span> <span class='ocrx_word' id='word_1_121' title='bbox 368 1713 480 1764; x_wconf 85' lang='lat' dir='ltr'><strong>tamen</strong></span> <span class='ocrx_word' id='word_1_122' title='bbox 504 1721 565 1786; x_wconf 88' lang='lat' dir='ltr'><strong>per</strong></span> <span class='ocrx_word' id='word_1_123' title='bbox 588 1722 650 1765; x_wconf 80' lang='lat' dir='ltr'><strong>nec</strong></span> <span class='ocrx_word' id='word_1_124' title='bbox 673 1697 886 1764; x_wconf 80' lang='lat' dir='ltr'><strong>coartimratur</strong></span> <span class='ocrx_word' id='word_1_125' title='bbox 911 1701 1017 1764; x_wconf 89' lang='lat' dir='ltr'><strong>oratio</strong></span> <span class='ocrx_word' id='word_1_126' title='bbox 1040 1701 1105 1777; x_wconf 84' lang='lat' dir='ltr'><strong>ita,</strong></span> <span class='ocrx_word' id='word_1_127' title='bbox 1128 1712 1162 1764; x_wconf 88' lang='lat' dir='ltr'><strong>ut</strong></span> <span class='ocrx_word' id='word_1_128' title='bbox 1184 1701 1299 1768; x_wconf 85' lang='lat' dir='ltr'><strong>allicio</strong></span> 
     </span>
     <span class='ocr_line' id='line_1_18' title="bbox 184 1784 1298 1889; baseline 0.002 -37"><span class='ocrx_word' id='word_1_129' title='bbox 184 1795 186 1802; x_wconf 83' lang='lat'>&#39;</span> <span class='ocrx_word' id='word_1_130' title='bbox 239 1787 420 1889; x_wconf 75' lang='lat' dir='ltr'><strong>particulae</strong></span> <span class='ocrx_word' id='word_1_131' title='bbox 443 1808 550 1873; x_wconf 81' lang='lat' dir='ltr'><strong>neque</strong></span> <span class='ocrx_word' id='word_1_132' title='bbox 575 1784 751 1872; x_wconf 75' lang='lat' dir='ltr'><strong>fungaturz</strong></span> <span class='ocrx_word' id='word_1_133' title='bbox 792 1796 824 1850; x_wconf 87' lang='lat' dir='ltr'><strong>et</strong></span> <span class='ocrx_word' id='word_1_134' title='bbox 849 1803 953 1872; x_wconf 87' lang='lat' dir='ltr'><strong>quum</strong></span> <span class='ocrx_word' id='word_1_135' title='bbox 985 1793 1165 1872; x_wconf 88' lang='lat' dir='ltr'><strong>utrumque</strong></span> <span class='ocrx_word' id='word_1_136' title='bbox 1195 1811 1298 1876; x_wconf 81' lang='lat' dir='ltr'><strong>genus</strong></span> 
     </span>
     <span class='ocr_line' id='line_1_19' title="bbox 239 1867 1298 1961; baseline -0.002 -22"><span class='ocrx_word' id='word_1_137' title='bbox 239 1873 320 1939; x_wconf 87' lang='lat' dir='ltr'><strong>allud</strong></span> <span class='ocrx_word' id='word_1_138' title='bbox 338 1874 438 1948; x_wconf 85' lang='lat' dir='ltr'><strong>etiam</strong></span> <span class='ocrx_word' id='word_1_139' title='bbox 455 1873 487 1935; x_wconf 90' lang='lat' dir='ltr'><strong>iu</strong></span> <span class='ocrx_word' id='word_1_140' title='bbox 507 1871 577 1935; x_wconf 85' lang='lat' dir='ltr'><strong>aliis</strong></span> <span class='ocrx_word' id='word_1_141' title='bbox 598 1867 790 1936; x_wconf 88' lang='lat' dir='ltr'><strong>nominibus</strong></span> <span class='ocrx_word' id='word_1_142' title='bbox 807 1867 1053 1949; x_wconf 80' lang='lat' dir='ltr'><strong>commutetur‚&#39;</strong></span> <span class='ocrx_word' id='word_1_143' title='bbox 1066 1869 1137 1937; x_wconf 85' lang='lat' dir='ltr'><strong>lieri</strong></span> <span class='ocrx_word' id='word_1_144' title='bbox 1154 1885 1298 1961; x_wconf 85' lang='lat' dir='ltr'><strong>poterat,</strong></span> 
     </span>
     <span class='ocr_line' id='line_1_20' title="bbox 238 1954 1297 2046; baseline 0.001 -22"><span class='ocrx_word' id='word_1_145' title='bbox 238 1969 277 2024; x_wconf 84' lang='lat' dir='ltr'><strong>ut</strong></span> <span class='ocrx_word' id='word_1_146' title='bbox 292 1958 426 2024; x_wconf 84' lang='lat' dir='ltr'><strong>relativa</strong></span> <span class='ocrx_word' id='word_1_147' title='bbox 444 1954 553 2030; x_wconf 82' lang='lat' dir='ltr'><strong>forma</strong></span> <span class='ocrx_word' id='word_1_148' title='bbox 577 1978 642 2043; x_wconf 90' lang='lat' dir='ltr'><strong>pro</strong></span> <span class='ocrx_word' id='word_1_149' title='bbox 667 1956 924 2021; x_wconf 84' lang='lat' dir='ltr'><strong>demonstrativa</strong></span> <span class='ocrx_word' id='word_1_150' title='bbox 944 1967 1151 2044; x_wconf 60' lang='lat' dir='ltr'><strong>panaretum·</strong></span> <span class='ocrx_word' id='word_1_151' title='bbox 1176 1982 1297 2046; x_wconf 76' lang='lat' dir='ltr'><strong>quem-</strong></span> 
     </span>
     <span class='ocr_line' id='line_1_21' title="bbox 237 2042 1296 2130; baseline 0.002 -19"><span class='ocrx_word' id='word_1_152' title='bbox 237 2043 418 2111; x_wconf 87' lang='lat' dir='ltr'><strong>admodum</strong></span> <span class='ocrx_word' id='word_1_153' title='bbox 440 2043 499 2130; x_wconf 78' lang='grc' dir='ltr'><strong>ρηίΙ</strong></span> <span class='ocrx_word' id='word_1_154' title='bbox 518 2064 581 2129; x_wconf 85' lang='lat' dir='ltr'><strong>pro</strong></span> <span class='ocrx_word' id='word_1_155' title='bbox 595 2042 672 2124; x_wconf 81' lang='lat' dir='ltr'><strong>laic,</strong></span> <span class='ocrx_word' id='word_1_156' title='bbox 694 2064 901 2130; x_wconf 81' lang='lat' dir='ltr'><strong>quamquam</strong></span> <span class='ocrx_word' id='word_1_157' title='bbox 917 2065 978 2128; x_wconf 88' lang='lat' dir='ltr'><strong>pro</strong></span> <span class='ocrx_word' id='word_1_158' title='bbox 995 2055 1111 2108; x_wconf 86' lang='lat' dir='ltr'><strong>tumen</strong></span> <span class='ocrx_word' id='word_1_159' title='bbox 1129 2043 1296 2114; x_wconf 72' lang='lat' dir='ltr'><strong>difflatur.</strong></span> 
     </span>
     <span class='ocr_line' id='line_1_22' title="bbox 237 2126 1295 2220; baseline -0.001 -22"><span class='ocrx_word' id='word_1_160' title='bbox 237 2133 346 2219; x_wconf 80' lang='lat' dir='ltr'><strong>Atque</strong></span> <span class='ocrx_word' id='word_1_161' title='bbox 361 2151 431 2194; x_wconf 89' lang='lat' dir='ltr'><strong>non</strong></span> <span class='ocrx_word' id='word_1_162' title='bbox 449 2150 553 2215; x_wconf 81' lang='lat' dir='ltr'><strong>pauco</strong></span> <span class='ocrx_word' id='word_1_163' title='bbox 576 2138 670 2208; x_wconf 80' lang='lat' dir='ltr'><strong>stant,</strong></span> <span class='ocrx_word' id='word_1_164' title='bbox 691 2149 775 2214; x_wconf 87' lang='lat' dir='ltr'><strong>quae</strong></span> <span class='ocrx_word' id='word_1_165' title='bbox 795 2126 858 2192; x_wconf 76' lang='lat' dir='ltr'><strong>aaa</strong></span> <span class='ocrx_word' id='word_1_166' title='bbox 879 2131 1007 2194; x_wconf 85' lang='lat' dir='ltr'><strong>ratione</strong></span> <span class='ocrx_word' id='word_1_167' title='bbox 1031 2129 1186 2216; x_wconf 86' lang='lat' dir='ltr'><strong>explicari</strong></span> <span class='ocrx_word' id='word_1_168' title='bbox 1211 2155 1295 2220; x_wconf 75' lang='lat' dir='ltr'><strong>pos-</strong></span> 
     </span>
     <span class='ocr_line' id='line_1_23' title="bbox 235 2211 1299 2305; baseline -0.004 -23"><span class='ocrx_word' id='word_1_169' title='bbox 235 2226 313 2282; x_wconf 89' lang='lat' dir='ltr'><strong>sunt</strong></span> <span class='ocrx_word' id='word_1_170' title='bbox 328 2217 363 2281; x_wconf 91' lang='lat' dir='ltr'><strong>in</strong></span> <span class='ocrx_word' id='word_1_171' title='bbox 380 2236 439 2280; x_wconf 86' lang='lat' dir='ltr'><strong>usu</strong></span> <span class='ocrx_word' id='word_1_172' title='bbox 459 2213 576 2278; x_wconf 87' lang='lat' dir='ltr'><strong>harum</strong></span> <span class='ocrx_word' id='word_1_173' title='bbox 595 2212 841 2301; x_wconf 82' lang='lat' dir='ltr'><strong>particulorum.</strong></span> <span class='ocrx_word' id='word_1_174' title='bbox 880 2211 1075 2304; x_wconf 83' lang='lat' dir='ltr'><strong>intelligitur</strong></span> <span class='ocrx_word' id='word_1_175' title='bbox 1091 2215 1192 2298; x_wconf 81' lang='lat' dir='ltr'><strong>enim,</strong></span> <span class='ocrx_word' id='word_1_176' title='bbox 1214 2240 1299 2305; x_wconf 85' lang='lat' dir='ltr'><strong>qun..</strong></span> 
     </span>
    </p>

    <p class='ocr_par' dir='ltr' id='par_1_7' title="bbox 161 2300 1359 4178">
     <span class='ocr_line' id='line_1_24' title="bbox 260 2300 1296 2390; baseline 0.001 -20"><span class='ocrx_word' id='word_1_177' title='bbox 260 2313 375 2389; x_wconf 85' lang='lat' dir='ltr'><strong>roptcr</strong></span> <span class='ocrx_word' id='word_1_178' title='bbox 389 2301 549 2368; x_wconf 88' lang='lat' dir='ltr'><strong>maiorem</strong></span> <span class='ocrx_word' id='word_1_179' title='bbox 568 2300 631 2364; x_wconf 83' lang='lat' dir='ltr'><strong>vim</strong></span> <span class='ocrx_word' id='word_1_180' title='bbox 651 2301 815 2388; x_wconf 82' lang='lat' dir='ltr'><strong>exprimat</strong></span> <span class='ocrx_word' id='word_1_181' title='bbox 839 2322 919 2382; x_wconf 74' lang='lat' dir='ltr'><strong>iaec,</strong></span> <span class='ocrx_word' id='word_1_182' title='bbox 939 2300 1027 2388; x_wconf 90' lang='lat' dir='ltr'><strong>quod</strong></span> <span class='ocrx_word' id='word_1_183' title='bbox 1052 2302 1180 2390; x_wconf 85' lang='lat' dir='ltr'><strong>signum</strong></span> <span class='ocrx_word' id='word_1_184' title='bbox 1204 2305 1236 2368; x_wconf 90' lang='lat' dir='ltr'><strong>iu</strong></span> <span class='ocrx_word' id='word_1_185' title='bbox 1261 2328 1296 2372; x_wconf 87' lang='lat' dir='ltr'><strong>se</strong></span> 
     </span>
     <span class='ocr_line' id='line_1_25' title="bbox 234 2327 1293 2477; baseline 0 -22"><span class='ocrx_word' id='word_1_186' title='bbox 234 2327 336 2456; x_wconf 77' lang='lat' dir='ltr'><strong>labet</strong></span> <span class='ocrx_word' id='word_1_187' title='bbox 359 2386 674 2460; x_wconf 80' lang='lat' dir='ltr'><strong>demonstrationis,</strong></span> <span class='ocrx_word' id='word_1_188' title='bbox 699 2396 727 2448; x_wconf 90' lang='lat' dir='ltr'><strong>et</strong></span> <span class='ocrx_word' id='word_1_189' title='bbox 757 2407 815 2450; x_wconf 84' lang='lat' dir='ltr'><strong>cur</strong></span> <span class='ocrx_word' id='word_1_190' title='bbox 839 2409 944 2472; x_wconf 85' lang='lat' dir='ltr'><strong>neque</strong></span> <span class='ocrx_word' id='word_1_191' title='bbox 966 2410 1032 2452; x_wconf 93' lang='lat' dir='ltr'><strong>non</strong></span> <span class='ocrx_word' id='word_1_192' title='bbox 1061 2397 1206 2474; x_wconf 85' lang='lat' dir='ltr'><strong>ponatur</strong></span> <span class='ocrx_word' id='word_1_193' title='bbox 1229 2413 1293 2477; x_wconf 83' lang='lat' dir='ltr'><strong>pro</strong></span> 
     </span>
     <span class='ocr_line' id='line_1_26' title="bbox 233 2471 1294 2562; baseline 0 -20"><span class='ocrx_word' id='word_1_194' title='bbox 233 2496 303 2542; x_wconf 80' lang='lat' dir='ltr'><strong>non</strong></span> <span class='ocrx_word' id='word_1_195' title='bbox 326 2484 383 2542; x_wconf 85' lang='lat' dir='ltr'><strong>aut</strong></span> <span class='ocrx_word' id='word_1_196' title='bbox 406 2488 468 2562; x_wconf 86' lang='lat' dir='ltr'><strong>pro</strong></span> <span class='ocrx_word' id='word_1_197' title='bbox 497 2496 539 2537; x_wconf 89' lang='lat' dir='ltr'><strong>ne</strong></span> <span class='ocrx_word' id='word_1_198' title='bbox 565 2509 604 2520; x_wconf 92' lang='lat'><strong>-·</strong></span> <span class='ocrx_word' id='word_1_199' title='bbox 630 2471 785 2560; x_wconf 72' lang='lat' dir='ltr'><strong>paridem,</strong></span> <span class='ocrx_word' id='word_1_200' title='bbox 816 2482 844 2534; x_wconf 81' lang='lat' dir='ltr'><strong>et</strong></span> <span class='ocrx_word' id='word_1_201' title='bbox 867 2474 1038 2562; x_wconf 82' lang='lat' dir='ltr'><strong>‹promodo</strong></span> <span class='ocrx_word' id='word_1_202' title='bbox 1071 2473 1199 2538; x_wconf 89' lang='lat' dir='ltr'><strong>dicatur</strong></span> <span class='ocrx_word' id='word_1_203' title='bbox 1231 2499 1294 2542; x_wconf 86' lang='lat' dir='ltr'><strong>nec</strong></span> 
     </span>
     <span class='ocr_line' id='line_1_27' title="bbox 233 2557 1293 2647; baseline -0.001 -20"><span class='ocrx_word' id='word_1_204' title='bbox 233 2584 321 2642; x_wconf 85' lang='lat' dir='ltr'><strong>non,</strong></span> <span class='ocrx_word' id='word_1_205' title='bbox 344 2578 408 2626; x_wconf 71' lang='lat' dir='ltr'><strong>&#39;ccc</strong></span> <span class='ocrx_word' id='word_1_206' title='bbox 425 2557 558 2631; x_wconf 79' lang='lat' dir='ltr'><strong>mirans,</strong></span> <span class='ocrx_word' id='word_1_207' title='bbox 581 2568 609 2623; x_wconf 93' lang='lat' dir='ltr'><strong>ct</strong></span> <span class='ocrx_word' id='word_1_208' title='bbox 628 2578 692 2644; x_wconf 88' lang='lat' dir='ltr'><strong>quo</strong></span> <span class='ocrx_word' id='word_1_209' title='bbox 713 2557 753 2621; x_wconf 90' lang='lat' dir='ltr'><strong>de</strong></span> <span class='ocrx_word' id='word_1_210' title='bbox 770 2579 880 2620; x_wconf 82' lang='lat' dir='ltr'><strong>caatssa</strong></span> <span class='ocrx_word' id='word_1_211' title='bbox 899 2569 1004 2646; x_wconf 75' lang='lat' dir='ltr'><strong>neque</strong></span> <span class='ocrx_word' id='word_1_212' title='bbox 1019 2581 1089 2623; x_wconf 88' lang='lat' dir='ltr'><strong>nou</strong></span> <span class='ocrx_word' id='word_1_213' title='bbox 1109 2562 1293 2647; x_wconf 81' lang='lat' dir='ltr'><strong>coniunga-</strong></span> 
     </span>
     <span class='ocr_line' id='line_1_28' title="bbox 231 2641 1292 2734; baseline -0.004 -19"><span class='ocrx_word' id='word_1_214' title='bbox 231 2655 288 2715; x_wconf 87' lang='lat' dir='ltr'><strong>tur</strong></span> <span class='ocrx_word' id='word_1_215' title='bbox 304 2667 379 2712; x_wconf 88' lang='lat' dir='ltr'><strong>oum</strong></span> <span class='ocrx_word' id='word_1_216' title='bbox 394 2646 590 2734; x_wconf 89' lang='lat' dir='ltr'><strong>imperativa</strong></span> <span class='ocrx_word' id='word_1_217' title='bbox 607 2655 661 2709; x_wconf 90' lang='lat' dir='ltr'><strong>aut</strong></span> <span class='ocrx_word' id='word_1_218' title='bbox 678 2642 887 2708; x_wconf 81' lang='lat' dir='ltr'><strong>coniunctim</strong></span> <span class='ocrx_word' id='word_1_219' title='bbox 914 2647 949 2710; x_wconf 93' lang='lat' dir='ltr'><strong>in</strong></span> <span class='ocrx_word' id='word_1_220' title='bbox 975 2643 1083 2710; x_wconf 85' lang='lat' dir='ltr'><strong>iussis.</strong></span> <span class='ocrx_word' id='word_1_221' title='bbox 1127 2641 1292 2734; x_wconf 87' lang='lat' dir='ltr'><strong>Intelligi-</strong></span> 
     </span>
     <span class='ocr_line' id='line_1_29' title="bbox 232 2727 1290 2820; baseline 0 -22"><span class='ocrx_word' id='word_1_222' title='bbox 232 2741 288 2804; x_wconf 83' lang='lat' dir='ltr'><strong>tur</strong></span> <span class='ocrx_word' id='word_1_223' title='bbox 310 2733 344 2798; x_wconf 91' lang='lat' dir='ltr'><strong>in</strong></span> <span class='ocrx_word' id='word_1_224' title='bbox 375 2731 558 2820; x_wconf 81' lang='lat' dir='ltr'><strong>oppositis,</strong></span> <span class='ocrx_word' id='word_1_225' title='bbox 585 2730 683 2796; x_wconf 86' lang='lat' dir='ltr'><strong>veluti</strong></span> <span class='ocrx_word' id='word_1_226' title='bbox 710 2727 743 2794; x_wconf 90' lang='lat' dir='ltr'><strong>in</strong></span> <span class='ocrx_word' id='word_1_227' title='bbox 774 2751 837 2794; x_wconf 83' lang='lat' dir='ltr'><strong>neo</strong></span> <span class='ocrx_word' id='word_1_228' title='bbox 855 2765 895 2780; x_wconf 92' lang='grc'>-</span> <span class='ocrx_word' id='word_1_229' title='bbox 916 2727 995 2807; x_wconf 81' lang='lat' dir='ltr'><strong>aad,</strong></span> <span class='ocrx_word' id='word_1_230' title='bbox 1022 2733 1086 2794; x_wconf 76' lang='lat' dir='ltr'><strong>iaec</strong></span> <span class='ocrx_word' id='word_1_231' title='bbox 1102 2763 1143 2782; x_wconf 92' lang='lat'><em>-</em></span> <span class='ocrx_word' id='word_1_232' title='bbox 1160 2744 1290 2818; x_wconf 85' lang='lat' dir='ltr'><strong>tamen,</strong></span> 
     </span>
     <span class='ocr_line' id='line_1_30' title="bbox 230 2813 1289 2908; baseline 0 -24"><span class='ocrx_word' id='word_1_233' title='bbox 230 2819 372 2908; x_wconf 80' lang='lat' dir='ltr'><strong>spectari</strong></span> <span class='ocrx_word' id='word_1_234' title='bbox 392 2820 496 2908; x_wconf 84' lang='lat' dir='ltr'><strong>ipsam</strong></span> <span class='ocrx_word' id='word_1_235' title='bbox 516 2837 628 2882; x_wconf 86' lang='lat' dir='ltr'><strong>rerum</strong></span> <span class='ocrx_word' id='word_1_236' title='bbox 646 2813 912 2901; x_wconf 84' lang='lat' dir='ltr'><strong>oppositionem,</strong></span> <span class='ocrx_word' id='word_1_237' title='bbox 933 2813 989 2878; x_wconf 88' lang='lat' dir='ltr'><strong>sed</strong></span> <span class='ocrx_word' id='word_1_238' title='bbox 1003 2814 1060 2881; x_wconf 90' lang='lat' dir='ltr'><strong>ubi</strong></span> <span class='ocrx_word' id='word_1_239' title='bbox 1076 2838 1181 2904; x_wconf 85' lang='lat' dir='ltr'><strong>neque</strong></span> <span class='ocrx_word' id='word_1_240' title='bbox 1201 2821 1289 2884; x_wconf 87' lang='lat' dir='ltr'><strong>scri-</strong></span> 
     </span>
     <span class='ocr_line' id='line_1_31' title="bbox 231 2901 1290 2988; baseline 0 -18"><span class='ocrx_word' id='word_1_241' title='bbox 231 2903 340 2988; x_wconf 82' lang='lat' dir='ltr'><strong>bitur,</strong></span> <span class='ocrx_word' id='word_1_242' title='bbox 366 2926 441 2970; x_wconf 83' lang='lat' dir='ltr'><strong>curn</strong></span> <span class='ocrx_word' id='word_1_243' title='bbox 459 2901 727 2968; x_wconf 82' lang='lat' dir='ltr'><strong>antecedentibus</strong></span> <span class='ocrx_word' id='word_1_244' title='bbox 754 2922 807 2978; x_wconf 88' lang='lat' dir='ltr'><strong>ea,</strong></span> <span class='ocrx_word' id='word_1_245' title='bbox 831 2901 1105 2986; x_wconf 71' lang='lat' dir='ltr'><strong>quiae-dicuntur,</strong></span> <span class='ocrx_word' id='word_1_246' title='bbox 1123 2904 1219 2969; x_wconf 87' lang='lat' dir='ltr'><strong>necti.</strong></span> <span class='ocrx_word' id='word_1_247' title='bbox 1262 2907 1290 2970; x_wconf 78' lang='lat' dir='ltr'>A</span> 
     </span>
     <span class='ocr_line' id='line_1_32' title="bbox 229 2985 1290 3080; baseline 0 -24"><span class='ocrx_word' id='word_1_248' title='bbox 229 2990 338 3080; x_wconf 82' lang='lat' dir='ltr'><strong>poetis</strong></span> <span class='ocrx_word' id='word_1_249' title='bbox 360 3013 423 3056; x_wconf 85' lang='lat' dir='ltr'><strong>nec</strong></span> <span class='ocrx_word' id='word_1_250' title='bbox 448 2997 522 3076; x_wconf 84' lang='lat' dir='ltr'><strong>post</strong></span> <span class='ocrx_word' id='word_1_251' title='bbox 548 2986 699 3074; x_wconf 89' lang='lat' dir='ltr'><strong>primum</strong></span> <span class='ocrx_word' id='word_1_252' title='bbox 724 2985 918 3050; x_wconf 85' lang='lat' dir='ltr'><strong>vocabulum</strong></span> <span class='ocrx_word' id='word_1_253' title='bbox 951 2985 1151 3069; x_wconf 84' lang='lat' dir='ltr'><strong>collocatur,</strong></span> <span class='ocrx_word' id='word_1_254' title='bbox 1185 3009 1290 3056; x_wconf 88' lang='lat' dir='ltr'><strong>num-</strong></span> 
     </span>
     <span class='ocr_line' id='line_1_33' title="bbox 224 3071 1289 3166; baseline -0.003 -22"><span class='ocrx_word' id='word_1_255' title='bbox 224 3077 478 3166; x_wconf 78' lang='lat' dir='ltr'><strong>quantaeque,</strong></span> <span class='ocrx_word' id='word_1_256' title='bbox 508 3082 541 3138; x_wconf 86' lang='lat' dir='ltr'><strong>et</strong></span> <span class='ocrx_word' id='word_1_257' title='bbox 563 3094 626 3137; x_wconf 85' lang='lat' dir='ltr'><strong>nec</strong></span> <span class='ocrx_word' id='word_1_258' title='bbox 648 3073 681 3138; x_wconf 91' lang='lat' dir='ltr'><strong>in</strong></span> <span class='ocrx_word' id='word_1_259' title='bbox 710 3071 906 3159; x_wconf 81' lang='lat' dir='ltr'><strong>compositis</strong></span> <span class='ocrx_word' id='word_1_260' title='bbox 930 3072 1056 3154; x_wconf 81' lang='lat' dir='ltr'><strong>verbis,</strong></span> <span class='ocrx_word' id='word_1_261' title='bbox 1085 3071 1140 3139; x_wconf 92' lang='lat' dir='ltr'><strong>ubi</strong></span> <span class='ocrx_word' id='word_1_262' title='bbox 1166 3075 1289 3164; x_wconf 83' lang='lat' dir='ltr'><strong>copula</strong></span> 
     </span>
     <span class='ocr_line' id='line_1_34' title="bbox 226 3149 1287 3251; baseline -0.002 -21"><span class='ocrx_word' id='word_1_263' title='bbox 226 3162 428 3251; x_wconf 84' lang='lat' dir='ltr'><strong>requiritur,</strong></span> <span class='ocrx_word' id='word_1_264' title='bbox 447 3181 517 3224; x_wconf 89' lang='lat' dir='ltr'><strong>non</strong></span> <span class='ocrx_word' id='word_1_265' title='bbox 534 3167 685 3223; x_wconf 86' lang='lat' dir='ltr'><strong>mutatur</strong></span> <span class='ocrx_word' id='word_1_266' title='bbox 699 3155 733 3222; x_wconf 89' lang='lat' dir='ltr'><strong>in</strong></span> <span class='ocrx_word' id='word_1_267' title='bbox 755 3180 878 3245; x_wconf 84' lang='lat' dir='ltr'><strong>neque:</strong></span> <span class='ocrx_word' id='word_1_268' title='bbox 891 3163 978 3222; x_wconf 80' lang='lat' dir='ltr'><strong>&#39;nam</strong></span> <span class='ocrx_word' id='word_1_269' title='bbox 997 3181 1067 3223; x_wconf 89' lang='lat' dir='ltr'><strong>non</strong></span> <span class='ocrx_word' id='word_1_270' title='bbox 1083 3149 1204 3225; x_wconf 90' lang='lat' dir='ltr'><strong>dicitur</strong></span> <span class='ocrx_word' id='word_1_271' title='bbox 1221 3185 1287 3228; x_wconf 81' lang='lat' dir='ltr'><strong>rre-</strong></span> 
     </span>
     <span class='ocr_line' id='line_1_35' title="bbox 226 3235 1359 3340; baseline 0.002 -28"><span class='ocrx_word' id='word_1_272' title='bbox 226 3269 290 3340; x_wconf 78' lang='lat' dir='ltr'><strong>qne</strong></span> <span class='ocrx_word' id='word_1_273' title='bbox 306 3250 433 3335; x_wconf 82' lang='lat' dir='ltr'><strong>opina,</strong></span> <span class='ocrx_word' id='word_1_274' title='bbox 455 3243 511 3310; x_wconf 85' lang='lat' dir='ltr'><strong>sed</strong></span> <span class='ocrx_word' id='word_1_275' title='bbox 534 3243 767 3332; x_wconf 74' lang='lat' dir='ltr'><strong>necopinaque</strong></span> <span class='ocrx_word' id='word_1_276' title='bbox 788 3241 845 3330; x_wconf 85' lang='lat' dir='ltr'><strong>(cl.</strong></span> <span class='ocrx_word' id='word_1_277' title='bbox 863 3235 1059 3334; x_wconf 82' lang='lat' dir='ltr'><strong>Zinserling.</strong></span> <span class='ocrx_word' id='word_1_278' title='bbox 1079 3246 1160 3314; x_wconf 87' lang='lat' dir='ltr'><strong>Crit.</strong></span> <span class='ocrx_word' id='word_1_279' title='bbox 1176 3245 1287 3314; x_wconf 79' lang='lat' dir='ltr'><strong>iuven.</strong></span> <span class='ocrx_word' id='word_1_280' title='bbox 1354 3275 1359 3283; x_wconf 86' lang='lat'>·</span> 
     </span>
     <span class='ocr_line' id='line_1_36' title="bbox 224 3327 1285 3486; baseline -0.006 -82"><span class='ocrx_word' id='word_1_281' title='bbox 224 3359 261 3427; x_wconf 73' lang='lat' dir='ltr'><strong>pa</strong></span> <span class='ocrx_word' id='word_1_282' title='bbox 285 3336 368 3486; x_wconf 61' lang='grc' dir='ltr'><strong>Ἱέιρ.</strong></span> <span class='ocrx_word' id='word_1_283' title='bbox 418 3329 640 3416; x_wconf 84' lang='lat' dir='ltr'><strong>lntalligitur‚</strong></span> <span class='ocrx_word' id='word_1_284' title='bbox 670 3352 731 3394; x_wconf 88' lang='lat' dir='ltr'><strong>eur</strong></span> <span class='ocrx_word' id='word_1_285' title='bbox 760 3330 937 3417; x_wconf 75' lang='lat' dir='ltr'><strong>scriptores</strong></span> <span class='ocrx_word' id='word_1_286' title='bbox 966 3331 1032 3410; x_wconf 87' lang='lat' dir='ltr'><strong>ibi,</strong></span> <span class='ocrx_word' id='word_1_287' title='bbox 1064 3327 1119 3396; x_wconf 88' lang='lat' dir='ltr'><strong>ubi</strong></span> <span class='ocrx_word' id='word_1_288' title='bbox 1151 3333 1285 3417; x_wconf 86' lang='lat' dir='ltr'><strong>negatio</strong></span> 
     </span>
     <span class='ocr_line' id='line_1_37' title="bbox 225 3411 1286 3508; baseline -0.004 -22"><span class='ocrx_word' id='word_1_289' title='bbox 225 3445 303 3490; x_wconf 85' lang='lat' dir='ltr'><strong>cum</strong></span> <span class='ocrx_word' id='word_1_290' title='bbox 320 3445 336 3486; x_wconf 95' lang='lat' dir='ltr'><strong>a</strong></span> <span class='ocrx_word' id='word_1_291' title='bbox 353 3422 428 3506; x_wconf 91' lang='lat' dir='ltr'><strong>iqua</strong></span> <span class='ocrx_word' id='word_1_292' title='bbox 450 3419 481 3484; x_wconf 83' lang='lat' dir='ltr'><strong>vi</strong></span> <span class='ocrx_word' id='word_1_293' title='bbox 502 3415 631 3482; x_wconf 89' lang='lat' dir='ltr'><strong>cuidam</strong></span> <span class='ocrx_word' id='word_1_294' title='bbox 653 3413 816 3502; x_wconf 83' lang='lat' dir='ltr'><strong>vocabulo</strong></span> <span class='ocrx_word' id='word_1_295' title='bbox 834 3411 983 3497; x_wconf 87' lang='lat' dir='ltr'><strong>additur,</strong></span> <span class='ocrx_word' id='word_1_296' title='bbox 1004 3415 1141 3508; x_wconf 80' lang='lat' dir='ltr'><strong>athene</strong></span> <span class='ocrx_word' id='word_1_297' title='bbox 1165 3417 1286 3482; x_wconf 83' lang='lat' dir='ltr'><strong>obscr-</strong></span> 
     </span>
     <span class='ocr_line' id='line_1_38' title="bbox 161 3501 1286 3594; baseline -0.005 -19"><span class='ocrx_word' id='word_1_298' title='bbox 161 3514 165 3528; x_wconf 85' lang='lat'><em>&#39;</em></span> <span class='ocrx_word' id='word_1_299' title='bbox 223 3513 310 3576; x_wconf 76' lang='lat' dir='ltr'><strong>ravit</strong></span> <span class='ocrx_word' id='word_1_300' title='bbox 337 3508 541 3594; x_wconf 82' lang='lat' dir='ltr'><strong>Wagnerus‚</strong></span> <span class='ocrx_word' id='word_1_301' title='bbox 562 3527 625 3569; x_wconf 85' lang='lat' dir='ltr'><strong>nec</strong></span> <span class='ocrx_word' id='word_1_302' title='bbox 650 3521 774 3588; x_wconf 78' lang='lat' dir='ltr'><strong>ponere</strong></span> <span class='ocrx_word' id='word_1_303' title='bbox 799 3501 949 3566; x_wconf 69' lang='lat' dir='ltr'><strong>soleant„</strong></span> <span class='ocrx_word' id='word_1_304' title='bbox 981 3501 1147 3568; x_wconf 87' lang='lat' dir='ltr'><strong>Nimirum</strong></span> <span class='ocrx_word' id='word_1_305' title='bbox 1172 3504 1286 3569; x_wconf 88' lang='lat' dir='ltr'><strong>omni-</strong></span> 
     </span>
     <span class='ocr_line' id='line_1_39' title="bbox 223 3586 1285 3675; baseline -0.008 -13"><span class='ocrx_word' id='word_1_306' title='bbox 223 3595 285 3662; x_wconf 85' lang='lat' dir='ltr'><strong>bus</strong></span> <span class='ocrx_word' id='word_1_307' title='bbox 310 3593 361 3660; x_wconf 85' lang='lat' dir='ltr'><strong>his</strong></span> <span class='ocrx_word' id='word_1_308' title='bbox 377 3591 534 3658; x_wconf 86' lang='lat' dir='ltr'><strong>convenit</strong></span> <span class='ocrx_word' id='word_1_309' title='bbox 554 3586 811 3654; x_wconf 86' lang='lat' dir='ltr'><strong>demonstrativa</strong></span> <span class='ocrx_word' id='word_1_310' title='bbox 835 3586 1006 3675; x_wconf 86' lang='lat' dir='ltr'><strong>particula.</strong></span> <span class='ocrx_word' id='word_1_311' title='bbox 1049 3587 1194 3654; x_wconf 85' lang='lat' dir='ltr'><strong>Rclativa</strong></span> <span class='ocrx_word' id='word_1_312' title='bbox 1222 3611 1285 3654; x_wconf 88' lang='lat' dir='ltr'><strong>au·-</strong></span> 
     </span>
     <span class='ocr_line' id='line_1_40' title="bbox 223 3672 1285 3757; baseline -0.011 -9"><span class='ocrx_word' id='word_1_313' title='bbox 223 3690 292 3748; x_wconf 83' lang='lat' dir='ltr'><strong>tem</strong></span> <span class='ocrx_word' id='word_1_314' title='bbox 315 3680 445 3757; x_wconf 85' lang='lat' dir='ltr'><strong>forma,</strong></span> <span class='ocrx_word' id='word_1_315' title='bbox 476 3677 516 3744; x_wconf 90' lang='lat' dir='ltr'><strong>ab</strong></span> <span class='ocrx_word' id='word_1_316' title='bbox 541 3676 636 3742; x_wconf 90' lang='lat' dir='ltr'><strong>initio</strong></span> <span class='ocrx_word' id='word_1_317' title='bbox 659 3673 838 3738; x_wconf 86' lang='lat' dir='ltr'><strong>sententiae</strong></span> <span class='ocrx_word' id='word_1_318' title='bbox 864 3672 1043 3755; x_wconf 85' lang='lat' dir='ltr'><strong>collocata,</strong></span> <span class='ocrx_word' id='word_1_319' title='bbox 1081 3695 1121 3739; x_wconf 90' lang='lat' dir='ltr'><strong>ea</strong></span> <span class='ocrx_word' id='word_1_320' title='bbox 1156 3672 1285 3757; x_wconf 83' lang='lat' dir='ltr'><strong>differt,</strong></span> 
     </span>
     <span class='ocr_line' id='line_1_41' title="bbox 223 3757 1284 3856; baseline -0.004 -24"><span class='ocrx_word' id='word_1_321' title='bbox 223 3765 313 3856; x_wconf 88' lang='lat' dir='ltr'><strong>qnod</strong></span> <span class='ocrx_word' id='word_1_322' title='bbox 340 3783 382 3832; x_wconf 75' lang='lat' dir='ltr'><strong>ex</strong></span> <span class='ocrx_word' id='word_1_323' title='bbox 405 3759 671 3830; x_wconf 82' lang='lat' dir='ltr'><strong>antecedentibus</strong></span> <span class='ocrx_word' id='word_1_324' title='bbox 722 3757 820 3823; x_wconf 85' lang='lat' dir='ltr'><strong>eadat.</strong></span> <span class='ocrx_word' id='word_1_325' title='bbox 843 3767 875 3822; x_wconf 86' lang='lat' dir='ltr'><strong>et</strong></span> <span class='ocrx_word' id='word_1_326' title='bbox 898 3757 1075 3847; x_wconf 86' lang='lat' dir='ltr'><strong>copulandi</strong></span> <span class='ocrx_word' id='word_1_327' title='bbox 1100 3759 1163 3824; x_wconf 90' lang='lat' dir='ltr'><strong>vim</strong></span> <span class='ocrx_word' id='word_1_328' title='bbox 1190 3762 1223 3826; x_wconf 92' lang='lat' dir='ltr'><strong>iu</strong></span> <span class='ocrx_word' id='word_1_329' title='bbox 1247 3784 1284 3828; x_wconf 82' lang='lat' dir='ltr'><strong>se</strong></span> 
     </span>
     <span class='ocr_line' id='line_1_42' title="bbox 221 3843 1282 3936; baseline -0.008 -16"><span class='ocrx_word' id='word_1_330' title='bbox 221 3853 340 3920; x_wconf 77' lang='lat' dir='ltr'><strong>habet:</strong></span> <span class='ocrx_word' id='word_1_331' title='bbox 365 3851 421 3916; x_wconf 92' lang='lat' dir='ltr'><strong>ubi</strong></span> <span class='ocrx_word' id='word_1_332' title='bbox 439 3849 563 3936; x_wconf 83' lang='lat' dir='ltr'><strong>duplex</strong></span> <span class='ocrx_word' id='word_1_333' title='bbox 576 3848 611 3912; x_wconf 90' lang='lat' dir='ltr'><strong>in</strong></span> <span class='ocrx_word' id='word_1_334' title='bbox 630 3865 684 3910; x_wconf 88' lang='lat' dir='ltr'><strong>me</strong></span> <span class='ocrx_word' id='word_1_335' title='bbox 710 3843 908 3909; x_wconf 73' lang='lat' dir='ltr'><strong>irroratione</strong></span> <span class='ocrx_word' id='word_1_336' title='bbox 951 3845 1081 3921; x_wconf 78' lang='lat' dir='ltr'><strong>caitus,</strong></span> <span class='ocrx_word' id='word_1_337' title='bbox 1105 3846 1191 3910; x_wconf 94' lang='lat' dir='ltr'><strong>ratio</strong></span> <span class='ocrx_word' id='word_1_338' title='bbox 1210 3869 1282 3912; x_wconf 92' lang='lat' dir='ltr'><strong>non</strong></span> 
     </span>
     <span class='ocr_line' id='line_1_43' title="bbox 221 3929 1283 4023; baseline -0.008 -18"><span class='ocrx_word' id='word_1_339' title='bbox 221 3939 285 4005; x_wconf 82' lang='lat' dir='ltr'><strong>alia</strong></span> <span class='ocrx_word' id='word_1_340' title='bbox 301 3946 348 4002; x_wconf 87' lang='lat' dir='ltr'><strong>est</strong></span> <span class='ocrx_word' id='word_1_341' title='bbox 359 3957 459 4023; x_wconf 86' lang='lat' dir='ltr'><strong>qnam</strong></span> <span class='ocrx_word' id='word_1_342' title='bbox 473 3936 507 3998; x_wconf 88' lang='lat' dir='ltr'><strong>in</strong></span> <span class='ocrx_word' id='word_1_343' title='bbox 524 3948 730 4021; x_wconf 55' lang='lat' dir='ltr'><strong>qraaa-qnc.</strong></span> <span class='ocrx_word' id='word_1_344' title='bbox 746 3942 780 3996; x_wconf 82' lang='lat' dir='ltr'><strong>ct</strong></span> <span class='ocrx_word' id='word_1_345' title='bbox 793 3967 836 3980; x_wconf 94' lang='lat'><strong>—</strong></span> <span class='ocrx_word' id='word_1_346' title='bbox 851 3939 895 3996; x_wconf 87' lang='lat' dir='ltr'><strong>ct.</strong></span> <span class='ocrx_word' id='word_1_347' title='bbox 954 3952 991 3996; x_wconf 82' lang='lat' dir='ltr'><strong>ec</strong></span> <span class='ocrx_word' id='word_1_348' title='bbox 1008 3929 1094 4001; x_wconf 80' lang='lat' dir='ltr'><strong>vero,</strong></span> <span class='ocrx_word' id='word_1_349' title='bbox 1111 3931 1201 4017; x_wconf 90' lang='lat' dir='ltr'><strong>quad</strong></span> <span class='ocrx_word' id='word_1_350' title='bbox 1220 3953 1283 4019; x_wconf 89' lang='lat' dir='ltr'><strong>per</strong></span> 
     </span>
     <span class='ocr_line' id='line_1_44' title="bbox 221 4013 1281 4106; baseline -0.007 -19"><span class='ocrx_word' id='word_1_351' title='bbox 221 4045 256 4092; x_wconf 81' lang='lat' dir='ltr'><strong>se</strong></span> <span class='ocrx_word' id='word_1_352' title='bbox 274 4021 412 4098; x_wconf 88' lang='lat' dir='ltr'><strong>dicitur,</strong></span> <span class='ocrx_word' id='word_1_353' title='bbox 433 4017 471 4084; x_wconf 85' lang='lat' dir='ltr'><strong>fit</strong></span> <span class='ocrx_word' id='word_1_354' title='bbox 486 4040 591 4106; x_wconf 83' lang='lat' dir='ltr'><strong>neque</strong></span> <span class='ocrx_word' id='word_1_355' title='bbox 606 4039 707 4100; x_wconf 73' lang='lat' dir='ltr'><strong>uera,</strong></span> <span class='ocrx_word' id='word_1_356' title='bbox 731 4013 787 4081; x_wconf 92' lang='lat' dir='ltr'><strong>ubi</strong></span> <span class='ocrx_word' id='word_1_357' title='bbox 805 4017 967 4082; x_wconf 82' lang='lat' dir='ltr'><strong>sententia</strong></span> <span class='ocrx_word' id='word_1_358' title='bbox 983 4037 1058 4082; x_wconf 90' lang='lat' dir='ltr'><strong>cum</strong></span> <span class='ocrx_word' id='word_1_359' title='bbox 1080 4017 1281 4082; x_wconf 82' lang='lat' dir='ltr'><strong>anteceden-</strong></span> 
     </span>
     <span class='ocr_line' id='line_1_45' title="bbox 222 4103 1279 4178; baseline -0.005 -3"><span class='ocrx_word' id='word_1_360' title='bbox 222 4121 256 4178; x_wconf 86' lang='lat' dir='ltr'><strong>te</strong></span> <span class='ocrx_word' id='word_1_361' title='bbox 279 4111 430 4176; x_wconf 86' lang='lat' dir='ltr'><strong>aratione</strong></span> <span class='ocrx_word' id='word_1_362' title='bbox 451 4107 593 4170; x_wconf 81' lang='lat' dir='ltr'><strong>nectitur</strong></span> <span class='ocrx_word' id='word_1_363' title='bbox 617 4114 651 4168; x_wconf 85' lang='lat' dir='ltr'><strong>st</strong></span> <span class='ocrx_word' id='word_1_364' title='bbox 673 4121 785 4170; x_wconf 83' lang='lat' dir='ltr'><strong>seusus</strong></span> <span class='ocrx_word' id='word_1_365' title='bbox 818 4111 867 4168; x_wconf 87' lang='lat' dir='ltr'><strong>est</strong></span> <span class='ocrx_word' id='word_1_366' title='bbox 899 4112 932 4166; x_wconf 86' lang='lat' dir='ltr'><strong>et</strong></span> <span class='ocrx_word' id='word_1_367' title='bbox 959 4124 1036 4167; x_wconf 80' lang='lat' dir='ltr'><strong>vero</strong></span> <span class='ocrx_word' id='word_1_368' title='bbox 1058 4124 1138 4166; x_wconf 81' lang='lat' dir='ltr'><strong>non.</strong></span> <span class='ocrx_word' id='word_1_369' title='bbox 1190 4103 1279 4172; x_wconf 83' lang='lat' dir='ltr'><strong>llaec</strong></span> 
     </span>
    </p>
   </div>
   <div class='ocr_carea' id='block_1_7' title="bbox 0 0 1434 4714">
    <p class='ocr_par' dir='ltr' id='par_1_8' title="bbox 0 0 1434 4714">
     <span class='ocr_line' id='line_1_46' title="bbox 0 0 1434 4714; baseline 0 10"><span class='ocrx_word' id='word_1_370' title='bbox 0 0 1434 4714; x_wconf 95' lang='lat' dir='ltr'><strong> </strong></span> 
     </span>
    </p>
   </div>
  </div>
 </body>
</html>
