2858 4714
470 251 574 372 *nuc
617 301 781 390 unove.
827 267 835 276 ’
1098 309 1161 384 sss

92 477 151 542 tac
170 471 315 564 aliquid
342 473 442 548 lieet,
465 496 571 564 neque
593 485 668 540 tota
691 473 861 564 adrogari
878 483 1005 561 potest.
1046 472 1085 540 lu
1107 475 1158 544 tus
1227 425 1239 480 i
1293 491 1300 522 ¹

92 565 276 626 maximam
296 561 368 625 vim
387 558 487 626 habet
504 562 700 650 obrogatio,
724 581 788 648 qua
803 560 970 624 contraria
986 560 1040 626 tex
1055 582 1157 652 rogn-

90 637 142 712 tiu
158 647 241 712 ideo
267 665 313 710 ue
335 647 434 711 etiam
449 648 596 712 maxime
612 658 683 712 erat
701 669 743 714 ue
767 646 867 711 undas
893 645 1065 713 sedetiam
1085 671 1157 727 nou
1192 671 1195 686 ·

15 799 17 808 .
92 743 135 798 est
157 731 213 798 fas
241 669 406 818 derogare
433 732 575 819 aliquid,
597 754 704 822 neque
727 671 888 822 cirogaro
914 739 1041 806 totum,
1072 755 1157 822 quae

15 827 17 888 ἰ
92 818 147 883 lata
183 829 255 892 est,
285 819 408 904 tegern.
462 817 653 882 Ochsuerus
690 819 724 884 in
757 817 889 906 Eelogis
910 817 991 884 Cio.
1022 839 1054 903 p.
1082 825 1154 888 168.
1233 819 1240 830 ’

15 981 16 986 1
93 904 328 971 animadvertit
360 901 494 990 quidem
524 905 944 991 inaequatcrurstiontm.
977 924 1061 990 quse
1094 929 1157 994 per

15 1001 17 1026 ³
93 991 280 1080 composita
296 1013 358 1054 nec
372 1000 406 1053 et
419 1011 525 1077 neque
539 989 762 1090 significatur,
784 991 841 1055 sed
861 987 1075 1056 vehementer
1097 1015 1154 1060 er-

93 1088 155 1152 ret,
183 1097 296 1164 quum
316 1075 394 1142 dicit
412 1098 474 1140 nec
493 1097 596 1226 four,
621 1075 677 1141 ubi
700 1076 857 1142 accedens
881 1096 933 1139 res
956 1077 1068 1164 potius
1093 1101 1155 1168 up-

94 1173 355 1262 ponatur‘quam
372 1182 478 1247 aequo
507 1183 570 1226 oco
584 1172 794 1251 opponaturs
818 1169 1152 1252 qiismqriamp.216.

93 1271 158 1335 ipse
183 1251 289 1314 etiarn
316 1247 527 1335 opinionem,
557 1269 624 1335 qun
648 1247 814 1314 Bentleius
840 1246 880 1312 nd
905 1247 1018 1312 Horat.
1042 1249 1153 1320 Carni.

94 1339 121 1409 8,
137 1341 189 1406 11.
207 1335 266 1400 85.
289 1343 541 1411 monstraverat,
558 1345 705 1421 poetam,
727 1334 926 1424 ubicumque
941 1330 1013 1398 ficri
1031 1345 1153 1422 posset,

95 1421 255 1486 varietatis
281 1439 394 1488 natissa
422 1429 564 1486 mutasse
590 1417 733 1498 formas,
762 1439 824 1490 nec
850 1418 899 1484 bis
918 1419 1070 1505 posuisse
1090 1445 1153 1490 nec

91 1517 144 1570 sot
159 1527 289 1591 neque,
311 1503 351 1569 ad
368 1527 485 1570 ornnes
500 1504 831 1592 scriptoresretulit,
854 1515 888 1570 et
907 1526 970 1569 nec
992 1515 1069 1592 post
1090 1531 1152 1574 ne·

98 1614 168 1678 que,
195 1592 296 1656 sicuti
321 1613 380 1654 seu
405 1600 484 1678 post
505 1591 593 1668 sies,
626 1591 670 1656 ob
697 1593 886 1657 varietatem
920 1588 1045 1656 dictum
1080 1615 1152 1661 esse

102 1679 274 1743 contendit.
319 1674 412 1742 Idem
430 1675 554 1742 fecerat
572 1677 705 1742 Curtius
729 1677 769 1746 ad
788 1677 858 1742 Cic.
874 1675 979 1763 Epist.
998 1673 1078 1745 fam.
1098 1684 1150 1754 tu,

105 1767 223 1842 ustio.
275 1761 350 1826 Sed·
368 1763 546 1828 Lambinus
573 1761 606 1828 in
632 1763 801 1828 Ciceronis
822 1762 915 1828 libris
938 1759 1006 1826 fere
1028 1762 1151 1852 ubique

99 1848 258 1934 aequatem
290 1845 439 1913 formam
471 1850 598 1914 restitui
631 1849 743 1915 iussit:
782 1849 836 1914 cui
866 1847 1070 1934 obloquutus
1100 1861 1150 1918 est

99 1935 290 1999 Garatouius
317 1935 351 1998 iu
376 1939 522 2000 annotat.
546 1933 587 1998 ad
613 1935 706 2000 Orat.
737 1936 772 2000 iu
799 1935 907 1999 Pison.
929 1939 978 2000 15.
1004 1934 1148 2002 diversas

96 2018 217 2085 formas
249 2020 455 2098 compositas
483 2020 726 2086 demonstrans.
786 2019 1150 2108 Bentleiiaiuconstan-

95 2105 166 2169 tiam
190 2107 365 2193 castigavit
387 2105 575 2185 Huschkius
599 2106 639 2170 ed
667 2107 697 2170 T
701 2103 795 2171 ibuit·
818 2111 849 2183 2,
875 2105 908 2186 4,
929 2107 984 2172 44.
1014 2129 1048 2194 p·
1072 2109 1148 2176 855.

95 2190 208 2256 Errant
231 2215 311 2256 vern
329 2193 428 2256 etium
452 2193 505 2257 alii
532 2215 668 2269 omnes,
695 2189 751 2279 qni
772 2199 841 2256 non
860 2213 897 2255 ea
920 2192 1074 2280 exempta
1092 2217 1148 2258 se-

96 2287 248 2355 cernunt,
278 2279 311 2341 in
336 2277 453 2364 quibus
476 2299 582 2364 neque
604 2280 670 2344 sive
694 2279 792 2342 etiam
815 2300 877 2344 nec
897 2279 1148 2366 coniungendae

94 2365 270 2426 sententiae
295 2362 447 2427 inservit:
479 2364 578 2427 vetuti
601 2362 689 2452 apud
712 2364 777 2428 Cic.
799 2363 840 2428 ad
866 2367 933 2428 Au.
955 2370 987 2443 2,
1013 2369 1063 2431 19.
1084 2389 1147 2432 nec

53 2493 64 2512 .
95 2449 320 2538 quidsacinm
341 2450 430 2514 seio.-
452 2472 557 2536 neque
575 2460 712 2514 tuntum
727 2459 779 2516 est
795 2449 904 2527 inre,
929 2462 1077 2536 quantus
1096 2463 1147 2520 eet

94 2555 209 2599 sermo.
264 2533 328 2599 Sed
352 2535 527 2618 Zumptins
558 2535 588 2600 in
609 2536 793 2600 Grammat.
816 2532 848 2616 §.
865 2538 939 2600 888.
969 2535 1053 2600 bene
1081 2536 1147 2602 do-

95 2621 166 2696 cuit,
187 2620 218 2690 in
238 2619 478 2707 coniungendis
494 2621 661 2685 sententiis
678 2642 784 2708 neque
800 2629 876 2708 post
893 2642 955 2682 nec
971 2643 1048 2697 raro
1064 2623 1146 2709 poni

94 2706 234 2770 secundo
251 2706 341 2770 loco.
385 2707 485 2772 Cuius
500 2707 547 2772 rei
566 2728 680 2770 caussa
704 2706 737 2770 in
757 2705 978 2784 secernitur,
1000 2707 1093 2794 quod
1110 2708 1146 2774 iu

96 2791 240 2856 oratione
264 2791 305 2856 ad
329 2792 481 2876 graviora
505 2792 704 2856 adscendere
728 2792 831 2877 magis
853 2789 1018 2869 solemus,
1043 2811 1145 2891 quam

96 2873 286 2942 descendere
309 2878 349 2942 ad
368 2877 511 2942 minora.
564 2868 822 2966 Stiirenburgius
839 2881 917 2942 vero
936 2877 968 2940 iu
992 2888 1082 2943 notis
1103 2880 1145 2946 ad

97 2961 157 3026 Cic.
178 2985 209 3050 p.
227 2961 325 3028 Arch.
351 2963 537 3050 germanice
559 2963 621 3028 seri
650 2964 690 3028 tis
716 2987 749 3051 p.
766 2967 818 3028 26.
838 2961 990 3028 audacius
1016 2966 1146 3052 praeci·
1199 2989 1213 3023 tr

98 3047 157 3132 pit,
182 3049 214 3113 in
232 3049 452 3114 disiunctione
478 3071 539 3135 per
558 2987 726 3140 dupiicem
746 3047 944 3149 particulam
967 3049 1146 3136 significata

96 3151 267 3221 numquam
299 3135 406 3199 inesse
436 3135 666 3222 oequntitutem
693 3135 852 3209 rotronis,
883 3133 939 3198 sed
965 3136 1031 3216 rei,
1060 3160 1145 3224 quse

97 3221 231 3292 secundo
247 3221 324 3286 loco
337 3222 539 3300 nominetur,
556 3244 689 3309 semper
703 3221 804 3286 tribui
820 3221 992 3306 maiorem
1019 3233 1143 3289 otesta-

97 3309 165 3372 tem.
208 3308 286 3386 Quo
310 3318 489 3396 praecepto
513 3307 612 3372 simul
634 3308 805 3387 statuitur,
831 3307 970 3371 latinam
994 3244 1142 3396 iiuguum

99 3407 197 3456 carere
222 3392 352 3472 forma,
383 3415 447 3476 qua
476 3393 643 3480 aequatem
680 3391 1142 3478 disiunctionemoexprimat,

99 3491 151 3538 nee
168 3488 274 3562 patet,
298 3478 378 3563 quid
395 3477 451 3542 fiat
467 3479 501 3543 in
522 3479 627 3543 tribus
644 3491 827 3565 quatuorve
844 3477 943 3542 rebus
962 3477 1141 3561 disiunctis,

99 3559 185 3627 ulau
199 3564 287 3651 opud
305 3564 374 3629 Cic.
393 3565 434 3630 de
454 3563 521 3629 011.
542 3573 569 3642 1,
586 3572 617 3646 2,
632 3568 666 3630 5.
709 3563 860 3651 Itemque
876 3564 934 3628 itte
956 3567 1139 3646 contendit,
1158 3584 1173 3602 ⁴

15 3697 17 3706 ,
100 3663 158 3712 nou
176 3661 260 3717 recte
290 3649 370 3716 duas
401 3650 579 3718 sententias
609 3673 670 3739 per
692 3674 758 3716 nec
775 3673 936 3738 -neque
965 3653 1140 3740 componi,

101 3749 188 3814 quum
208 3736 241 3800 in
256 3735 400 3802 secunda
424 3737 518 3814 sede,
541 3760 623 3824 quae
640 3737 784 3826 graviori
812 3739 858 3802 rei
875 3737 1067 3822 assignanda
1084 3740 1139 3819 sit,

36 3837 50 3856 ⁶
101 3817 187 3907 recipi
209 3844 275 3887 non
332 3824 413 3888 ossit
439 3823 596 3912 particula
621 3823 761 3895 minoris
785 3823 969 3908 potestatis.
1019 3819 1139 3908 Ratio-

101 3921 164 3970 nem
185 3931 251 3974 uon
276 3845 385 3988 addit,
407 3931 469 3974 nec
497 3911 572 3976 addi
623 3920 721 3976 otest.
771 3907 946 3974 Contraria
970 3904 1013 3969 ob
1040 3908 1138 3974 metri
1165 3913 1167 3922 '

102 3989 244 4087 rationem
262 3995 377 4062 docuit
396 3996 528 4062 Curtius
544 3995 585 4062 ad
599 3935 725 4061 incon.
746 4001 775 4073 1,
792 3996 871 4072 850.
885 4000 917 4055 et
932 4013 1002 4056 non
1026 4015 1134 4084 expo-

103 4085 150 4144 ttta
163 4103 268 4150 caussa
286 4085 429 4152 Orellius
446 4083 486 4150 ad
504 4083 572 4150 Cic.
586 4107 621 4174 p.
639 4083 731 4169 Sext.
749 4082 803 4147 15.
821 4102 854 4168 p.
875 4081 947 4144 177.
978 4101 981 4108 ’
