2894 4716
610 269 711 340 utut.
1114 256 1179 342 aei

127 445 179 512 ate
202 441 245 510 dc
269 441 345 510 Seu.
366 445 399 525 t,
419 445 474 508 21.
493 451 532 510 at
553 434 721 508 memoria
736 439 914 507 minuitur.
960 438 1088 510 credo:
1109 441 1180 508 uiri

101 569 104 576 ,
127 551 205 596 eum
226 550 395 594 exerceas.
424 529 488 594 Per
501 547 536 591 aa
552 526 855 592 coustatsentcntia
870 527 1036 592 memoria
1049 528 1181 594 minui-
1200 537 1203 543 ’

17 653 20 664 ·
129 627 204 698 tur,
225 633 309 714 quae
330 635 408 702 para
430 613 610 678 sententiae
630 612 861 678 conditionalis
884 623 978 692 esset,
1001 615 1029 678 si
1055 613 1180 680 dicere·

129 712 204 768 tura
246 724 277 764 aa
312 721 391 764 eam
420 723 490 765 nou
517 721 666 780 exerces,
696 698 864 764 memoria
898 699 1083 765 minuitur.-
1120 699 1181 765 aed

131 807 235 874 quum
257 784 377 850 dicitur
390 784 462 850 nisi
483 805 561 850 eam
575 806 717 860 exerces,
741 781 867 849 accedit
888 785 1064 863 sententia,
1095 805 1180 872 quae

130 871 324 962 primariam
345 871 541 946 scatentium
557 870 755 956 restringat,
784 879 882 956 atque
910 873 1180 958 consequentiam

131 957 261 1022 aliunde
276 955 400 1020 afferat.
423 955 488 1022 tld
507 955 665 1020 Germani
682 953 866 1042 significant
884 949 988 1020 verbis
1006 979 1040 1025 ea
1054 951 1180 1045 museto

129 1042 277 1107 detruse
300 1065 323 1105 u
346 1037 455 1130 dosa*
477 1041 563 1106 Hinc
580 1061 657 1105 vero
682 1041 896 1128 intelligitur,
927 1061 995 1128 quc
1017 1043 1121 1106 modo
1143 1043 1180 1108 iu

129 1063 300 1194 eiusmodi
308 1127 466 1194 sententia
477 1126 647 1192 recondita
660 1127 703 1194 sit
718 1125 895 1192 affirmatio
911 1129 1086 1192 contrarii:
1109 1128 1181 1193 val·

21 1237 28 1248 ·
127 1212 366 1286 utimemoriu
387 1235 456 1276 nou
475 1211 658 1292 minuitur,
686 1211 718 1278 si
740 1234 818 1276 eum
838 1235 988 1278 exercear
1020 1211 1180 1302 intelligi-

127 1309 187 1366 tur
202 1299 321 1380 etiam,
346 1297 517 1384 quomodo
539 1297 620 1362 duae
643 1297 891 1362 coniunctiones
914 1299 1076 1384 componi
1122 1322 1181 1364 oa·

114 1386 197 1450 'sint
215 1382 286 1450 cisi
302 1383 401 1471 quic,
425 1381 496 1448 nisi
516 1381 606 1470 quod
629 1382 663 1446 in
678 1384 853 1448 contractis
870 1384 1051 1450 sententiis.
1105 1388 1182 1450 'on-

128 1469 241 1557 spicua
270 1479 320 1534 cst
343 1471 457 1534 eadem
481 1469 563 1532 ratio
589 1467 622 1532 in
646 1467 790 1533 dictione
814 1469 884 1533 nisi
904 1493 974 1534 non
998 1471 1047 1535 vis
1063 1469 1179 1549 (Puat.

127 1555 220 1624 Men.
238 1555 270 1627 5,
287 1557 319 1634 2,
333 1557 410 1634 did,
428 1574 527 1640 quam
544 1553 686 1640 explices
694 1577 772 1630 ‚nou
787 1553 884 1632 dico,
906 1556 938 1620 ai
951 1578 1019 1620 nou
1037 1557 1097 1620 vis.

214 1639 376 1704 Errorem
400 1660 528 1719 eorum,
561 1639 619 1728 qui
646 1641 822 1706 sententias
855 1662 916 1728 per
942 1641 982 1706 ni
1008 1663 1048 1706 ex
1075 1661 1180 1706 ressaa

129 1723 265 1790 adnisi
288 1724 480 1798 retulerunt,
502 1747 603 1812 supra
628 1747 663 1812 p.
683 1727 754 1794 188.
777 1725 975 1792 notavimus.
1059 1749 1076 1792 e
1105 1725 1180 1813 quis
1214 1797 1216 1800 .

126 1821 243 1876 tamen
264 1811 437 1893 existimet,
462 1809 507 1890 id,
528 1809 618 1960 quod
640 1810 744 1876 modo
765 1809 850 1890 dixi,
872 1834 943 1878 non
966 1811 1124 1899 quadrare
1144 1811 1181 1878 iu

127 1919 186 1964 eas
208 1895 402 1975 sententias,
423 1896 459 1960 in
480 1897 535 1984 qui
562 1917 598 1959 us
614 1895 702 1976 nisi,
724 1897 760 1962 in
774 1897 879 1984 priori
893 1908 987 1986 parte
1001 1897 1181 1963 sententiae

127 1980 299 2072 positum,
331 1982 491 2048 exhibere
516 1981 667 2048 videatur
698 1981 854 2048 directam
900 1985 1044 2064 rotasin,
1080 1983 1180 2050 veluti

128 2067 221 2156 apud
247 2067 381 2132 Cornal.
403 2067 522 2155 Epam.
545 2067 577 2146 «l,
598 2072 632 2134 3.
653 2067 724 2134 nisi
742 2065 782 2132 id
802 2006 1094 2160 consistimsacia,
1114 2091 1181 2156 ego

127 2165 167 2218 te
189 2152 332 2217 tradam
351 2153 579 2240 magistratui
586 2178 597 2216 .-
620 2151 744 2240 duplex
763 2164 814 2220 est
834 2151 1038 2242 respicienda
1056 2176 1180 2220 caussa.

126 2237 220 2304 Nam
239 2239 427 2304 coniunctio
443 2239 543 2304 semel
563 2237 648 2302 facta
668 2239 738 2304 nisi
761 2242 860 2306 etiam
886 2250 960 2306 tcto
983 2239 1096 2308 officio
1117 2261 1179 2304 suo

127 2325 298 2408 fungitur,
320 2333 352 2388 et
375 2333 486 2412 potest
502 2346 576 2388 cum
593 2325 660 2389 suis
676 2323 783 2390 verbis
801 2327 898 2390 etiam
913 2327 1043 2394 inverso
1063 2323 1181 2392 ordino
1200 2341 1207 2357 ‘

129 2420 234 2494 atque
248 2411 366 2498 primo
388 2411 464 2474 loca
490 2410 584 2496 pani.
627 2409 663 2475 Id
683 2410 788 2490 enim,
835 2411 902 2477 uod
921 2411 1106 2484 addendum
1122 2421 1182 2490 eat,

128 2495 341 2582 anticipatur,
357 2505 389 2560 et
411 2494 456 2575 id,
480 2493 568 2584 quod
585 2493 760 2559 adhaerere
781 2435 883 2576 solet,
909 2495 1007 2562 etiam
1029 2495 1182 2562 interseri

128 2591 258 2672 potest.
300 2580 389 2646 'sum
412 2602 490 2645 vero
509 2580 650 2666 vulgaris
672 2579 802 2668 linguae
818 2603 905 2661 usus,
924 2594 962 2646 ut
976 2583 1086 2681 paullo
1103 2591 1181 2668 post

128 2665 337 2744 videbimus,
372 2689 444 2730 eam
466 2665 629 2731 licentiam
652 2664 796 2740 obtinet,
833 2687 896 2752 qua
919 2667 987 2734 uisa
1011 2677 1044 2731 et
1067 2665 1181 2730 sinon

130 2760 393 2820 commutentur.
435 2750 522 2816 Nam
538 2773 633 2840 saepe
672 2773 763 2815 arum
782 2762 837 2815 aut
848 2749 931 2816 nihil
945 2748 1055 2834 refert,
1069 2760 1181 2816 utrum

130 2840 299 2924 cogitem,
332 2836 360 2901 si
383 2835 617 2902 alterum'non
638 2773 713 2916 liat,
733 2837 870 2902 alterum
894 2860 983 2902 csse:
1009 2835 1180 2986 inquibus
1231 2880 1233 2889 ·

129 2945 197 3016 per
214 2922 482 3008 consequentiam
499 2922 628 2988 »directe
643 2933 895 3009 componuntur
908 2945 977 2990 rea:
1003 2947 1044 2988 an
1084 2943 1181 3003 euna

131 3031 175 3075 rc
199 3005 396 3096 praedicem,
423 3029 495 3072 eam
520 3031 606 3086 ease,
637 3008 693 3073 scd
718 3031 787 3074 nou
812 3031 903 3084 ease,
941 3009 969 3074 si
999 3009 1100 3088 altera
1128 3009 1180 3075 sit.

131 3093 323 3162 Discrimen
339 3093 425 3157 enim
443 3094 479 3158 in
494 3115 534 3157 ec
551 3094 715 3170 cernitur,
739 3103 793 3171 ut,
814 3093 870 3158 ubi
883 3094 953 3158 nisi
968 3092 1108 3178 dicitur,
1132 3094 1181 3161 vis
1263 3167 1266 3172 ,

132 3179 342 3266 cogitationis
358 3180 563 3245 contineatur
576 3181 612 3244 in
629 3179 793 3245 affirmata
809 3181 979 3261 sententia,
999 3182 1056 3247 ubi
1071 3191 1182 3246 autern

130 3265 168 3330 si
181 3287 260 3344 raon,
290 3263 325 3328 in
349 3276 481 3352 negata,
510 3287 553 3329 cx
581 3287 645 3353 qua
683 3264 784 3330 altera
808 3264 989 3333 deducitur.
1030 3267 1116 3333 Illud
1132 3274 1207 3332 est'

48 3367 52 3378 ‘
132 3350 346 3436 cogitarem
364 3373 433 3414 non
449 3350 622 3435 esseahoc
636 3360 685 3416 est
706 3373 750 3418 ne
770 3352 888 3440 cogita
909 3374 982 3418 rem
1003 3376 1085 3420 esse.
1110 3351 1182 3418 lam

132 3435 264 3523 singula
284 3457 545 3520 percenseamus.

222 3528 251 3588 1.
282 3521 343 3584 Per
363 3520 432 3584 nisi
453 3521 654 3610 significatur
675 3521 844 3609 exceptio,
872 3540 956 3610 quae
980 3520 1021 3586 ad
1037 3521 1183 3608 aliquam

133 3605 330 3670 sententiam
353 3607 486 3672 accedit.
517 3607 673 3674 Pouimus
694 3607 839 3694 aliquam
860 3629 1019 3674 ramesse
1039 3607 1092 3674 vel
1111 3607 1184 3692 fieri

133 3710 209 3754 non
226 3713 284 3776 par
301 3693 568 3792 consequentiam
589 3715 629 3760 ex
652 3692 732 3758 alius
744 3695 800 3758 rei
817 3693 1028 3772 conditione,
1052 3691 1109 3755 sed
1125 3693 1182 3773 ita,

135 3783 177 3837 nt
195 3777 393 3865 reprimatur
406 3780 461 3853 ad,
484 3779 590 3866 quod,
613 3779 639 3843 si
664 3789 731 3859 est,
750 3780 855 3866 ipsam
871 3799 943 3844 rem
965 3777 1016 3842 vel
1031 3778 1074 3855 id,
1091 3777 1183 3864 quod

137 3858 265 3926 dictum
292 3872 372 3946 erat,
395 3864 483 3930 tollit
509 3865 560 3930 rel
582 3865 722 3952 impedit
748 3865 798 3930 vel
821 3873 960 3930 coercet.
1003 3864 1183 3928 Gramma·
1293 3899 1304 3924 .

133 3945 195 4012 tici
215 3949 250 4013 iu
273 3948 469 4014 declarando
493 3949 558 4014 hoc
582 3969 645 4016 usu
674 3950 831 4016 adhibent
859 3947 1044 4037 germanica
1066 3945 1183 4039 ausser

132 4051 258 4112 wenc,
290 4035 408 4120 quibus
431 4045 559 4102 tautum
583 4055 651 4098 non
677 4038 790 4100 omnia
814 4046 888 4124 apta
919 4043 995 4099 sunt
1018 4054 1111 4100 exam
1137 4035 1183 4102 la.

135 4115 338 4206 Comparari
354 4129 466 4210 potest
488 4143 530 4188 ex
554 4131 648 4211 parte
671 4121 814 4209 quadam
839 4121 977 4188 verbum
992 4057 1182 4210 adgeselaeu
