2846 4718
564 289 703 364 imm.
815 331 816 348 r

104 461 315 564 qdiragnnm
336 459 431 564 head
449 463 670 531 'carduum
689 485 707 530 e
726 461 920 554 iibheiicin
933 475 1177 544 summutas

102 552 367 628 innormarunt,
391 550 471 615 suaa
494 561 675 615 nonnette
690 549 959 619 tormattnne'rue
975 563 1159 630 *censerant

102 637 342 704 Defensinnem
369 636 490 700 bonnm
508 635 767 721 destituturus
783 637 824 702 ed
842 638 910 704 Cic.
929 635 1013 704 test.
1031 659 1065 724 p.
1085 634 1159 712 1521'·
1275 641 1280 654 ⁶

102 723 145 788 ἤι’
164 728 344 787 cantamen
379 721 501 796 fabas,
528 723 878 810 quodnnctaritntem
907 723 1014 790 Plauti
1038 725 1159 812 eppei-

103 810 161 892 Μ,
181 806 381 896 'Namapud
400 810 726 894 cnmieos'nusquem
743 818 850 874 exstat
865 826 1000 885 numne,
1018 821 1050 880 et
1067 809 1158 896 quod

102 895 271 962 iiieaiient
285 917 327 959 ex
347 894 492 960 ¹'l'rucuis
512 900 544 973 2,
567 899 598 970 6,
616 900 669 960 65.
694 914 824 962 normae
840 895 892 959 nio
906 917 982 970 me,·
1000 896 1158 982 voluptas

100 991 203 1056 mea,
229 992 451 1068 qaoaooaans
472 1003 566 1060 sam,
596 981 648 1046 ire
677 981 727 1045 ad
747 979 916 1046 caenam?
944 980 1157 1058 scribendum

101 1079 154 1132 cst
174 1089 255 1136 num
270 1069 385 1144 nevis,
408 1076 445 1130 ut
461 1065 496 1130 in
513 1068 614 1134 Raen.
633 1071 710 1142 542,
729 1073 801 1132 119.
829 1067 891 1132 Vbi
906 1066 1014 1134 Latini
1031 1089 1158 1136 aramus

100 1154 278 1231 dixerunt,
316 1155 493 1225 mitiorem
509 1153 590 1218 vim.
606 1153 758 1218 tribuisse
787 1152 941 1218 videntur
968 1151 1157 1242 iuterroga-

99 1238 204 1302 tionir
223 1261 427 1325 quamquam
444 1236 478 1302 id
495 1261 563 1304 non
578 1261 711 1328 semper
726 1237 848 1304 factum
870 1260 954 1317 esses
968 1249 1157 1307 monstrant

100 1327 255 1410 exempta
273 1325 447 1411 quaedam·
489 1324 635 1390 Orciiiue
661 1335 768 1390 autem
793 1326 832 1390 nd
855 1325 922 1392 Cir.
939 1323 970 1390 T
975 1346 1042 1390 uec.
1059 1335 1087 1403 1,
1102 1331 1157 1405 32,

100 1415 156 1475 77.
182 1411 352 1497 distinguit
376 1413 431 1490 ita,
453 1413 753 1497 quasinumtzcaia
770 1411 858 1476 idern
881 1413 923 1477 eit
945 1411 1036 1496 quod
1052 1411 1157 1492 cistae,

99 1497 216 1584 pantio
232 1507 345 1562 tamon
368 1497 472 1582 magis
498 1496 772 1586 hypotheticum:
796 1497 888 1586 quod
910 1496 990 1585 quid
1016 1496 1071 1580 sit,
1092 1517 1155 1583 ege

99 1582 238 1670 quidem.
260 1605 329 1646 non
358 1585 527 1668 assequor.
661 1633 664 1642 .
751 1569 757 1607 ¹

188 1668 460 1752 interrogationis
475 1667 602 1756 duplex
616 1678 664 1732 eet
679 1689 802 1756 genus,
832 1665 957 1766 duplex
981 1666 1156 1754 utriusque

97 1754 246 1840 species,
280 1753 338 1818 sed
369 1775 600 1841 quaecumque
629 1755 747 1820 nititur
769 1757 803 1818 in
828 1753 1016 1820 disiunctivi
1042 1753 1153 1826 iudicii

97 1839 322 1905 fundamento
341 1851 379 1905 et
398 1841 477 1906 duas
502 1841 602 1905 habet
615 1851 736 1928 partes,
759 1861 898 1927 quarum
918 1839 1020 1906 altevn
1039 1841 1067 1905 si
1081 1861 1155 1909 uon

99 1925 209 1990 verbis
234 1927 452 2012 exprimitur,
474 1937 584 1992 tamen
610 1926 811 2014 cogitatione
834 1925 1061 1992 substituenda
1091 1937 1153 1992 est·

98 2013 167 2076 Sed
186 2012 349 2078 diversum
372 2033 473 2098 genus
487 2013 762 2100 interrogationes
780 2011 925 2078 eiiioiunt
941 2034 1008 2085 eae.
1034 2011 1155 2097 quibus

97 2097 139 2176 ts,
159 2098 215 2184 qui
232 2098 368 2184 quaerit,
393 2099 549 2187 ignorans
563 2099 646 2164 scire
664 2101 765 2188 cupit,
787 2100 893 2184 qualis
914 2100 957 2163 sit
972 2120 1024 2164 ree
1041 2101 1154 2180 (eatae

95 2184 229 2248 nonore
248 2183 411 2271 dignum,
436 2207 483 2250 an
498 2207 567 2250 uon
583 2183 689 2270 estus
713 2196 838 2259 otene,
864 2185 983 2273 quibus
1003 2185 1153 2250 interro-

97 2291 181 2356 gans
202 2271 242 2334 de
266 2271 426 2356 opinione
452 2293 510 2336 sua
536 2282 612 2336 nate
630 2269 789 2356 concepta
812 2273 952 2358 qaaerit,
975 2291 1156 2355 aseensune

96 2358 361 2443 comprobetur,
390 2356 676 2444 nnimprobotura.
705 2357 800 2422 veluti
825 2355 965 2435 (honum
988 2361 1073 2438 cate)
1103 2379 1152 2428 att

94 2465 170 2508 non
200 2439 280 2519 cst?
308 2443 398 2530 qtiod
424 2442 544 2506 omissa
573 2443 765 2508 disiunctivn
789 2442 949 2532 particula
981 2441 1018 2506 fit
1039 2463 1152 2506 nonne

96 2523 176 2593 est?
216 2523 312 2609 (Non
328 2541 377 2594 eat
395 2525 553 2611 innume)
573 2551 620 2592 an
642 2537 762 2592 tamen
782 2525 857 2592 esa?
884 2527 976 2614 quod
1000 2525 1071 2594 fere
1096 2527 1152 2591 di-

97 2613 188 2677 citur
210 2636 293 2678 num
312 2611 387 2679 esa?
411 2611 478 2677 lam
497 2613 685 2677 Gronovius
707 2614 740 2678 in
757 2613 930 2678 Observat.
949 2637 982 2701 p.
998 2615 1071 2678 650.
1086 2613 1149 2676 ait:

95 2721 204 2778 ,mum
235 2697 319 2763 vaiet
350 2721 397 2763 cn
434 2695 565 2774 etiam?
605 2721 675 2764 vion
701 2699 784 2764 vaiet
808 2699 874 2762 hoc
900 2719 960 2762 usu
988 2695 1151 2761 αηιιωι.ρει

47 2857 50 2866 y
96 2785 213 2863 Quare
238 2793 326 2849 recte
354 2783 544 2848 vocabimus
570 2785 732 2850 inversam
757 2784 1066 2870 interrogationem.
1110 2781 1151 2848 In

95 2869 270 2934 hocsenim
286 2893 405 2956 genere
419 2869 599 2935 secundam
617 2869 884 2956 interrogationis
905 2882 1032 2958 partem
1057 2877 1151 2933 tene-

93 2975 186 3032 mus,
213 2958 316 3042 prima
335 2967 411 3020 ante
423 2950 591 3044 dissipato,
616 2969 712 3046 atque
726 2958 922 3044 respicimus
940 2957 979 3022 nd
997 2957 1041 3034 id,
1058 2955 1149 3042 qnod

96 3041 193 3128 prius
209 3042 434 3128 cogitavimus.
466 3045 530 3108 Sed
550 3045 718 3130 utriusque
735 3044 862 3132 generis
880 3042 1006 3131 duplex
1024 3043 1151 3108 exsistit

91 3127 220 3213 species
237 3153 297 3209 eo,
331 3131 420 3216 quod
440 3129 475 3196 in
503 3132 613 3217 primo
641 3151 760 3218 genere
789 3130 889 3195 altera
918 3151 996 3217 pars
1026 3127 1149 3205 omitti,

91 3214 299 3279 insecundo
330 3215 404 3280 eddi
432 3223 543 3302 potest
576 3216 687 3282 altera.
735 3216 821 3280 Nam
848 3215 970 3280 dicitur
990 3226 1150 3301 potestne

90 3300 159 3364 laec
170 3295 282 3385 ficri?
303 3299 450 3389 intellige
472 3323 520 3364 cn
536 3323 605 3366 non
625 3300 762 3388 potest?
780 3303 822 3366 Et
840 3303 875 3367 in
898 3302 1001 3368 altero
1016 3321 1148 3388 genere,

90 3382 206 3472 qnae'i
233 3407 305 3450 sum
322 3405 389 3450 nno
405 3386 558 3450 membro
576 3387 679 3462 altero
700 3399 838 3468 constat,
857 3389 1012 3454 accedere
1038 3396 1149 3474 potest

91 3410 236 3536 secundi
253 3473 357 3559 atique
377 3473 644 3559 interrogationis
659 3495 747 3560 pars.
773 3475 866 3561 quasi

90 3577 168 3621 vnn:
192 3558 400 3638 velutiapud
417 3558 609 3623 Ciceronem
630 3583 711 3624 nram
728 3559 816 3626 claras
835 3497 968 3626 tradetis
982 3555 1150 3646 patrias?

90 3665 142 3708 au
163 3655 212 3706 cst
236 3665 306 3708 utic
332 3644 395 3708 itta
417 3645 780 3732 patriatcommunis?
808 3646 842 3710 in
863 3647 982 3731 quibus
999 3645 1146 3734 primum

89 3725 175 3792 iilud
195 3751 254 3814 per
270 3751 301 3794 se
323 3741 397 3793 stat.
438 3732 592 3795 Ceterum
615 3731 670 3796 illa
695 3741 770 3796 aute
798 3743 960 3820 occtvpata
986 3729 1146 3795 sententia

88 3833 163 3877 non
188 3813 292 3878 modo
317 3815 572 3880 affirmationem
598 3827 629 3880 ct
651 3819 861 3903 negationem
888 3814 1146 3904 comprehendi·

87 3921 185 3977 mus,
209 3898 378 3966 sedetiam
405 3901 628 3990 suspicionem
642 3906 705 3981 rei,.
716 3927 799 3992 quae
813 3905 873 3979 sit,
904 3912 937 3968 et
964 3901 1145 3967 dubitatio-

87 4007 191 4061 nem&
213 4008 295 4075 quae
317 3987 484 4052 affirmare
509 4009 576 4050 non
601 3990 693 4053 ausit.

179 4077 212 4136 3.
241 4071 384 4137 Woliius
402 4095 598 4159 veroquam
625 4075 808 4150 docuisset,
837 4073 927 4159 quod
958 4073 1142 4138 Broukhu·
1198 4132 1201 4139 .

9 4217 10 4236 ,
86 4159 157 4224 sius
182 4169 215 4224 et
239 4159 402 4225 Gesnerue
430 4161 550 4248 aliique
574 4167 649 4227 ante
679 4181 756 4226 eum
778 4162 974 4248 cognovisse
995 4161 1057 4226 sibi
1085 4161 1143 4228 visi

909 3473 1057 3540 raecedat
1074 3475 1148 3574 pri·
1259 3503 1264 3553 ¹.
