2858 4714
478 278 578 349 NEC.
619 277 785 364 NEQVE.
1101 289 1164 355 189

126 481 128 489 2
174 453 236 512 rin.
251 451 278 520 l,
294 449 321 521 l,
335 451 379 508 ta.
405 452 447 508 ita
464 469 572 524 prorsus
591 451 725 518 cristiano,
741 467 824 521 nepae
845 465 903 507 narn
927 449 1101 522 rapam,
1120 455 1166 525 pot

175 543 224 595 tos
241 541 343 608 primus
359 555 502 609 engrwmen
516 537 631 603 inuenit,
653 543 702 590 aut
722 544 837 606 torpueris
850 536 925 589 illuns
938 527 1165 606 lostidetraaiaes,

177 635 210 690 ut
224 627 343 695 stiparent
362 639 434 682 erse
446 622 591 692 peroipsret
611 622 770 691 uoluptatem
788 637 909 690 eorpore,
927 630 975 674 aut
986 639 1043 676 wat
1061 624 1167 696 hminis

175 711 250 766 terlio
281 705 417 762 consulatu
438 705 583 774 conflixisse
611 706 683 775 apud
714 705 826 760 Veserim
861 714 969 776 propter
995 709 1167 778 uoluptatem.

99 831 103 845 .
184 795 258 862 Quod
274 810 337 846 uero
351 791 434 844 securi
446 791 697 860 praemussitfiliam
714 797 766 843 ete.
803 789 893 856 Quid?
921 793 951 843 Τ.
974 793 1120 860 Torquatos·
1134 795 1168 860 is,

179 881 225 950 qui
241 877 331 931 eoaoul
352 893 411 928 nans
427 876 474 926 Gn.
501 875 611 928 Octauio
628 871 687 942 suit
714 882 767 928 ete.
803 875 928 944 Pergase
948 875 1068 932 debebat
1087 895 1169 947 nepte

183 966 328 1032 Torquatus
344 962 384 1025 io,
411 961 472 1028 qui,
491 960 540 1013 sed
563 958 733 1030 interpositis
754 959 849 1015 verbis
872 962 990 1016 mutavit
1010 960 1169 1026 orationem.
1211 955 1218 970 '

132 1073 134 1080 ¹
185 1046 277 1118 Quid?
298 1047 328 1099 Τ.
348 1047 552 1114 Temeritatis,
571 1053 623 1100 eta.
658 1045 807 1100 Goereuaii
829 1046 938 1116 opinio,
957 1063 1012 1116 qua
1024 1065 1105 1118 nepae
1118 1063 1168 1128 pro

180 1149 214 1186 ne
239 1131 342 1201 quidem
359 1129 531 1199 accipiatur,
548 1147 601 1184 noa
623 1147 677 1184 uno
700 1131 811 1185 nomine
830 1141 872 1186 est
888 1132 1084 1200 improbanda:
1103 1150 1169 1188 nam

182 1217 315 1280 abhorret
340 1213 375 1269 ab
400 1213 468 1286 ipsu¹
487 1214 627 1269 Ciceronis
647 1216 791 1272 sententie.
825 1217 869 1270 ct.
894 1203 1197 1272 atarshtss‘rttsmuD

181 1301 255 1367 11,1.
272 1318 298 1369 p.
315 1297 360 1359 98.
378 1305 406 1354 et
421 1301 551 1355 ottonem
567 1301 601 1354 ad
620 1301 649 1354 tr.
664 1302 684 1356 l.
717 1302 748 1356 ln
766 1303 894 1356 eumdem
914 1302 1025 1355 modam
1040 1303 1169 1358 Klotaias

181 1387 322 1450 vindicare
341 1394 454 1442 conatus
477 1394 519 1443 ast
537 1386 673 1442 libratam
688 1386 863 1458 antiquorum
883 1385 1048 1458 scripturam
1063 1385 1093 1443 ia
1111 1388 1170 1452 cte.

182 1474 218 1528 de
234 1474 297 1527 dm.
310 1471 354 1539 2⁸),
371 1470 416 1526 ld.

201 1648 252 1715 17.
282 1641 441 1730 Negatio,
466 1663 551 1728 quae
569 1661 630 1729 per
648 1661 710 1713 neo
728 1639 947 1725 exprimitur,
972 1641 1007 1706 in
1032 1641 1171 1709 aiteram

83 1772 86 1779 -
118 1739 250 1819 partem
267 1729 447 1797 sententiae
463 1727 590 1792 traduci
607 1735 717 1816 potest
744 1747 806 1811 per
828 1726 1040 1792 disiunctivas
1066 1731 1173 1817 parti-

45 1835 47 1840 ’
119 1815 207 1883 cuias
232 1838 288 1898 oe,
314 1814 383 1895 ael,
415 1825 497 1889 ortt,
520 1836 604 1902 quae
627 1817 695 1878 vim
719 1813 860 1900 negandi
884 1823 1064 1901 praestant.
1108 1813 1174 1884 Sed

144 1900 324 1972 rammatiei
341 1899 474 1988 quidam
492 1900 683 1964 observasse
699 1897 763 1962 sibi
782 1899 930 1964 visisunt
949 1899 1067 1965 eodem
1093 1921 1173 1964 mo-

120 1927 166 2052 do
185 1990 282 2054 etiam
299 2007 376 2075 que,
403 1996 456 2064 et,
482 2009 524 2052 uo
539 1985 632 2075 puni.
676 1983 726 2054 De
750 2005 814 2070 qua
839 1985 997 2073 opinione
1022 1985 1174 2073 disputa-

120 2075 228 2139 vimus
249 2071 292 2137 T.
312 2071 354 2136 tl.
377 2094 412 2160 p.
429 2074 504 2137 587.
553 2069 649 2136 Nune
677 2066 816 2134 afferam
842 2071 956 2136 locum
980 2072 1175 2160 ambiguum

121 2159 232 2237 Flori,
255 2159 290 2223 in
306 2179 373 2246 quo
390 2167 423 2222 et
441 2179 503 2245 pro
521 2180 582 2222 nee
598 2155 747 2244 positum
764 2178 835 2221 esse
855 2157 982 2222 videtur
1006 2165 1036 2238 1,
1054 2163 1104 2240 ¹⁸6,
1125 2165 1175 2224 11.

121 2246 176 2312 Isiu
200 2243 308 2310 armis
339 2253 456 2308 exutos
479 2243 616 2308 mittere
640 2237 844 2330 subiugum
870 2243 1013 2319 maluit,
1027 2259 1030 2266 ’
1045 2254 1083 2308 ut
1113 2265 1206 2308 neo·

124 2325 359 2418 amiciforeat
376 2325 556 2416 beneficio,
579 2339 611 2393 et
625 2338 703 2413 post
711 2325 900 2416 flagitium
916 2330 1028 2395 lsosteo
1049 2328 1177 2420 magis.
1236 2332 1241 2356 ¹

122 2416 307 2483 Herennius
330 2426 424 2503 pater
452 2415 541 2480 enim
566 2422 727 2490 suaserat,
760 2435 876 2478 omnes
900 2415 1019 2501 captivi
1046 2425 1100 2479 aut
1125 2414 1179 2479 di·

124 2504 357 2582 mitterentur,
383 2510 422 2564 ut
446 2498 607 2565 beneficio
630 2496 743 2563 forent
766 2499 881 2578 amici,
904 2509 960 2565 aut
984 2501 1178 2565 occideren-

124 2597 199 2666 tur,
223 2597 259 2651 ut
279 2585 392 2650 hostes
414 2587 623 2654 tollerentur.
674 2583 728 2648 Sic
754 2583 864 2648 Livius
884 2590 915 2664 9,
931 2591 961 2665 8,
980 2591 1031 2650 12.
1054 2594 1178 2653 narrat.

126 2671 347 2739 Contrarium.
364 2671 481 2737 maluit
503 2671 590 2736 filius
612 2669 770 2736 Herennii
797 2670 923 2748 Pontii,
946 2669 1037 2758 quod
1061 2669 1179 2736 Florus

124 2760 171 2826 ita
186 2757 358 2847 exposuit,
382 2761 466 2824 utin
485 2758 587 2844 altero
605 2765 801 2843 argumento
818 2757 950 2842 negatio
975 2755 1051 2820 addi
1075 2754 1180 2820 debe-

125 2855 189 2912 ret.
234 2846 276 2908 At
304 2841 419 2908 Florus
441 2865 512 2909 non
535 2841 685 2929 loquitur
710 2862 750 2905 ex
775 2843 937 2906 sententia
961 2839 1090 2922 Pontii,
1121 2834 1181 2906 sed

128 2931 242 3014 desua
259 2927 383 2993 iudicio
400 2929 508 2994 addit:
532 2927 658 2994 factum
676 2948 758 3006 esse,
778 2937 814 2990 ut
831 2927 972 2994 Romani
988 2950 1057 2991 non
1074 2927 1180 2992 essent

128 3015 226 3082 amini
250 3012 429 3096 beneficio,
450 3015 508 3081 sed
534 3023 611 3103 post
633 3013 795 3099 flagitium
818 3011 932 3079 hostes
959 3014 1064 3099 magis
1091 3014 1182 3078 exsi-
1291 3075 1302 3086 ,

129 3110 267 3167 sterent.
310 3101 402 3166 Alter
418 3101 510 3166 loeus
527 3111 575 3167 est
591 3098 788 3182 Quintiliani
813 3106 863 3180 12,
879 3105 910 3178 6,
926 3106 957 3165 2.
973 3100 1094 3164 modus
1111 3098 1182 3164 mi-

128 3188 168 3260 bi
186 3186 319 3258 ridetur
334 3184 477 3275 quitiam
491 3187 678 3268 tenendus,
699 3196 737 3248 at
751 3208 857 3273 nepote
867 3207 1104 3285 praepropere
1120 3183 1184 3250 de-

128 3273 327 3360 stringatur
347 3273 535 3338 immutura
543 3273 663 3364 frons,
688 3281 721 3335 et
739 3269 904 3356 quidquid
927 3283 976 3342 eat
1004 3269 1093 3336 illud
1115 3269 1185 3336 ad-

128 3359 197 3424 ]suo
213 3355 371 3423 acerbum
385 3356 600 3445 proferatur.
644 3354 700 3420 ubi
717 3355 939 3422 Buttmanuus
955 3359 1185 3424 nenessitatem

131 3442 374 3510 emendationis
389 3445 488 3533 longa
502 3442 713 3532 expositione
730 3439 981 3508 demonstravit.
1007 3443 1071 3508 Sed
1091 3453 1186 3529 post-

131 3530 197 3597 lrao
218 3529 313 3594 huius
330 3529 452 3594 erroris
469 3532 576 3618 ipsum
595 3526 770 3616 poenituit.
812 3529 990 3622 Zumptjus
1014 3530 1103 3598 euim
1128 3527 1186 3594 be·

131 3637 179 3680 ne
205 3615 377 3702 perspexit
403 3617 563 3682 orationis
591 3635 660 3678 non
691 3608 859 3680 absolutae
890 3636 1046 3682 naussum.
1104 3612 1187 3678 Vide
1249 3613 1250 3618 ’

134 3722 213 3766 eum
231 3700 332 3766 Tem.
349 3701 382 3765 5.
400 3723 433 3788 p.
450 3702 524 3767 448.
567 3699 721 3765 Tertium
738 3699 851 3771 locum
870 3700 1004 3788 praebet
1026 3699 1137 3772 Livius
1154 3699 1187 3780 (t,

134 3791 191 3866 29,
210 3789 240 3850 6.
261 3809 324 3851 neo
337 3783 418 3852 lites
433 3785 589 3867 eredere,
615 3796 649 3863 et
665 3784 745 3849 licet
767 3786 805 3850 in
828 3787 933 3852 variis
958 3782 1187 3872 opinionibus.
1210 3851 1220 3869 „

135 3873 234 3956 Quae
248 3871 542 3948 Drakenborohius
558 3869 710 4022 protulit,
729 3881 766 3935 ut
789 3870 1026 3961 comprobaret
1046 3892 1108 3948 nee
1124 3891 1187 3957 pro

135 3959 174 4023 et
199 3980 268 4022 aon
293 3959 397 4046 poni,
431 3957 555 4034 dissimi
583 3981 599 4024 a
634 3966 732 4034 erant
763 3968 796 4022 at
821 3979 863 4020 ue
893 3956 1037 4024 absona:
1075 3965 1189 4030 tamen

138 4042 241 4106 etiam
256 4041 459 4120 Buttmanno
480 4041 658 4132 persuasit,
680 4052 717 4106 ut
739 4042 773 4107 in
798 3981 878 4108 dicad
902 4042 1098 4128 intelligeret
1119 4062 1190 4107 non

137 4125 290 4196 eredere.
333 4129 434 4212 Quod
449 4151 518 4195 uon
533 4137 647 4220 potest
661 4126 812 4217 intelligi.
854 4128 920 4196 Sed
946 4126 1191 4226 interpunctio·
1216 4133 1253 4190 .“
