2830 4712
130 226 371 345 ,1su'
609 224 652 230 ’Ν
752 265 823 336 us.

266 437 411 505 Graecos
426 423 535 506 dicere
549 429 676 516 siconi,
698 431 860 524 νὴρνθμος,
882 461 925 504 ne
940 459 982 504 ex
997 427 1114 527 graeco
1131 465 1164 507 νε
1185 440 1255 506 sive
1271 467 1321 526 νη,

266 525 323 590 sed
335 534 514 609 utrumque
522 543 563 586 ex
573 521 727 589 hebraico
738 524 897 592 vocabulo
907 544 955 607 pu
966 535 1186 598 transmutato
1196 529 1321 594 factum

266 633 337 676 esse
352 609 453 684 dixit:
475 609 675 697 Hartungius
691 612 855 699 antiquius
867 611 1003 680 verbum
1018 613 1145 678 invenit
1159 615 1193 678 in
1208 610 1319 680 indico

231 694 232 702 '
264 720 334 778 aa,
370 695 458 760 unde
481 718 524 760 ue
554 705 585 766 et
608 695 648 760 ni
669 709 779 764 ortum
812 699 865 762 sit.
917 697 981 762 Sed
1013 700 1171 786 quoniam
1204 700 1320 766 Graeci

265 785 366 850 etiam
382 779 439 861 du,
459 780 569 847 Latini
595 779 634 846 iu
657 783 698 846 ad
723 783 886 871 negandas
909 785 1063 850 notiones
1087 785 1321 867 adhibuerunt,

129 885 153 897 “·
264 871 486 936 Buttmnonus
509 867 676 956 primitiva
697 871 794 936 verba
817 869 962 936 eiusdem
982 869 1231 956 significationis
1247 873 1319 936 exi-

264 955 420 1021 stimabat
433 953 535 1019 fuisse
557 947 597 1017 dv
612 964 642 1020 et
658 978 715 1038 vn:
737 979 836 1042 quem
853 949 1010 1041 sequutus
1029 957 1319 1022 Weissenbornius

267 1042 303 1110 in
320 1042 504 1108 Grammat.
529 1063 563 1128 p.
591 1042 662 1106 174.
693 1043 812 1106 eodem
834 1042 938 1106 modo
962 1043 1136 1192 opinatur,
1160 1044 1199 1110 io
1222 1055 1254 1108 et
1277 1066 1320 1107 ne
1349 1061 1352 1070 ’

266 1149 308 1206 ex
324 1127 496 1194 communi
513 1127 641 1212 origine
654 1138 730 1194 nata
744 1151 814 1193 esse
830 1129 934 1195 vocali
949 1150 987 1192 ve
1018 1140 1093 1216 post
1113 1153 1161 1210 n,
1177 1128 1227 1194 vel
1244 1139 1319 1195 ante

265 1235 337 1280 eam
363 1214 507 1278 litteram
531 1213 666 1279 omissa.
719 1213 871 1296 Quodsi
895 1215 1131 1304 probaremus,
1153 1216 1320 1300 incognita

263 1300 461 1366 haberemus
480 1298 635 1388 vocabula
650 1299 706 1366 ine
726 1311 758 1366 et
773 1299 842 1381 duc,
864 1298 1036 1384 necfacile
1051 1301 1319 1390 intelligeremus,

264 1386 438 1472 quomodo
453 1406 492 1448 en
507 1386 564 1447 ins
586 1383 711 1450 factum
728 1397 812 1452 esset
832 1403 887 1454 net
927 1384 1012 1450 lllud
1038 1407 1139 1452 unum
1165 1387 1247 1452 mihi
1269 1386 1320 1451 vi-

263 1473 360 1544 detur
371 1523 379 1544 ,.
390 1470 628 1549 certissimum,
664 1472 834 1539 universae
864 1473 996 1558 generis
1028 1471 1166 1540 humani
1187 1473 1319 1558 linguae
1360 1467 1366 1488 ⁸

263 1557 330 1622 hoc
354 1557 506 1621 innatum
532 1577 619 1634 esse,
642 1567 677 1618 ut
693 1559 826 1640 negatio
847 1580 907 1645 per
935 1580 1050 1632 vocem
1073 1559 1318 1645 rz'exprimere-

263 1654 338 1722 tur,
361 1653 458 1728 atque
476 1640 597 1706 vocalis
616 1641 665 1704 vel
682 1653 946 1727 praeponeretur
965 1644 1013 1704 vel
1035 1644 1227 1726 adderetur=
1253 1665 1317 1708 un·

265 1729 372 1800 deun
394 1741 425 1794 et
451 1729 489 1794 in
514 1739 545 1790 et
565 1735 661 1790 unet
683 1750 732 1790 no
754 1735 892 1790 etneet
915 1725 970 1805 ni,
992 1736 1024 1791 et
1047 1738 1171 1794 mutatu
1195 1750 1318 1793 conso-

264 1827 363 1882 nante
396 1809 437 1896 μὴ
469 1811 643 1876 diceretur.
708 1810 994 1898 Transponuntur
1028 1824 1138 1878 autem
1171 1813 1319 1895 litterae,
1349 1863 1352 1870 .

265 1913 301 1965 ut
323 1893 532 1984 industrie,
553 1901 787 1980 porclnam,
812 1893 872 1978 priv
898 1909 930 1962 et
954 1921 1055 1979 nam,
1079 1899 1126 1962 sic
1150 1899 1190 1963 ni
1211 1911 1244 1965 et
1270 1901 1320 1964 in.

262 1989 399 2052 Veteres
416 1985 497 2048 udeo
515 2006 577 2070 pro
596 1982 666 2045 nisi
685 1983 944 2069 pronuntiabant
960 1985 1035 2048 nesi
1045 1995 1078 2047 et
1097 1985 1181 2048 sine.
1224 1986 1321 2066 Quae

263 2094 368 2160 quum
384 2073 428 2136 ita
443 2071 526 2148 sint,
549 2076 639 2132 recte
657 2070 872 2158 componitur
886 2069 1025 2136 latinum
1042 2093 1085 2134 ne
1101 2091 1175 2132 cum
1195 2072 1321 2155 graecis

190 2235 194 2242 Ι
229 2233 231 2238 ,
254 2154 416 2240 'musicae
436 2149 731 2238 unucutdreteum
749 2150 1016 2237 duatrinnands.
1055 2153 1322 2222 Fundamentum

261 2245 364 2330 igitur
380 2243 561 2306 latinorum
575 2239 811 2306 vocabulorum
829 2250 897 2306 erat
912 2240 979 2315 nei,
1000 2262 1044 2304 ex
1064 2263 1130 2328 quo
1147 2243 1250 2306 modo
1264 2265 1320 2321 ne,
1402 2305 1403 2313 ,

263 2331 366 2399 modo
387 2329 426 2392 ni
449 2326 572 2392 factum
595 2336 654 2392 est.
698 2329 806 2414 Atque
823 2324 903 2390 illud
919 2326 976 2388 uei
993 2325 1090 2392 etiam
1105 2347 1196 2392 nunc
1212 2338 1321 2394 exstat

260 2417 297 2484 in
312 2414 529 2502 inscriptione
545 2411 630 2502 apud
649 2407 813 2479 Orellium
831 2413 977 2476 netur.
999 2412 1038 2476 ni
1054 2423 1086 2477 et
1104 2413 1180 2478 niue
1194 2413 1321 2480 ibidem

182 2539 185 2546 =
263 2512 297 2568 et
320 2525 355 2568 n.
373 2504 448 2566 642.
492 2497 542 2566 Ni
565 2522 628 2586 pro
650 2521 692 2564 ne
710 2511 832 2564 veteres
855 2495 995 2578 dixisse,
1018 2497 1149 2564 Servius
1173 2500 1214 2564 ad
1235 2502 1320 2566 Aen.

263 2595 294 2668 8,
311 2591 385 2654 686.
404 2597 436 2651 et
450 2587 600 2651 Donatus
619 2583 659 2649 ad
676 2585 809 2650 Terent.
820 2583 905 2648 Eun.
921 2587 994 2664 Μ,
1013 2586 1066 2650 85.
1089 2589 1120 2665 3,
1134 2590 1166 2661 3,
1183 2591 1213 2650 2.
1235 2607 1322 2650 uar-

166 2711 168 2716 ·
262 2684 348 2740 rant.
382 2671 422 2738 ln
438 2672 602 2760 Propertii
619 2677 651 2752 2,
667 2677 699 2750 7,
719 2671 780 2757 (6,)
798 2677 830 2736 8.
857 2672 1320 2757 quumomnescodicesex-

263 2759 399 2826 hibeant
430 2758 487 2836 ni,
532 2757 566 2821 id
601 2757 837 2842 broukhusius
881 2755 1056 2820 vindicavit
1089 2756 1320 2844 inscriptionis

264 2844 435 2912 cuiusdam
456 2845 659 2909 auctoritate.
705 2843 806 2928 Quod
832 2864 910 2908 vero
933 2865 976 2906 ne
999 2841 1035 2905 in
1054 2863 1159 2929 neque
1182 2843 1322 2907 brevem

262 2930 445 3032 syllabam,
466 2929 599 3016 longam
617 2932 649 2994 in
665 2950 812 3015 nequam
826 2925 936 3008 habet,
959 2926 999 2990 de
1015 2925 1077 2990 hac
1094 2949 1131 2992 re
1148 2927 1213 2995 iam
1229 2927 1322 2992 Vos-

263 3040 330 3084 s1us
347 3016 388 3080 de
405 3015 543 3102 Analog.
566 3017 597 3086 4,
611 3017 664 3079 at.
691 3014 840 3102 scripsitr
866 3033 957 3095 „nec
974 3033 1015 3076 ex
1032 3017 1212 3098 quantitate
1234 3013 1320 3095 solu,

289 3125 347 3169 uae
366 3100 600 3166 tantummodo
622 3100 858 3179 accidensest,
882 3097 939 3161 sed
958 3099 1123 3186 imprimis
1148 3122 1189 3163 ex
1213 3100 1322 3186 signi-

263 3127 417 3254 lieatione
433 3186 591 3250 iudicium
607 3185 677 3250 ficri
695 3185 831 3249 debet.²“
874 3183 990 3270 Neque
1010 3183 1111 3271 igitur
1127 3206 1202 3250 cum
1223 3185 1320 3250 Doe-

264 3274 405 3343 derlinio
420 3295 463 3338 ne
480 3273 578 3336 breve
602 3271 642 3334 ab
666 3294 709 3335 ne
726 3271 826 3358 longo
850 3271 895 3334 ita
914 3269 1170 3357 distinguamus,
1192 3278 1229 3334 ut
1251 3267 1321 3335 hoc

264 3378 368 3426 unum
395 3380 470 3423 cum
488 3354 528 3438 μὴ
546 3378 796 3442 comparemus:
820 3377 898 3420 nam
924 3375 1003 3419 usus
1026 3366 1115 3432 erat,
1134 3356 1190 3441 qui
1216 3377 1320 3420 men-

262 3467 375 3512 suram
404 3444 447 3510 ob
473 3441 747 3528 significationem
779 3441 1004 3506 constitueret.
1058 3442 1122 3506 Sed
1153 3441 1197 3507 ob
1229 3439 1321 3508 hane
1400 3473 1401 3480 ¹

264 3534 371 3620 ipsam
395 3528 642 3618 significationis
665 3523 811 3591 caussam
832 3548 896 3592 nos
917 3527 1130 3593 discernimus
1154 3550 1197 3592 nc
1220 3525 1322 3612 affir-

264 3619 443 3695 mativum,
486 3615 627 3678 alterum
666 3614 875 3700 negativum,
917 3613 1052 3678 tertium
1085 3612 1321 3696 dubitativum,

264 3703 356 3791 quod
379 3710 560 3788 usurpatur
582 3697 973 3786 ininterrogationibus,
1010 3701 1096 3765 etin
1128 3721 1177 3766 un
1210 3709 1320 3764 traus-

262 3801 429 3856 mutatum
447 3797 503 3852 est.

312 4011 315 4018 ,
342 3943 396 4008 *De
418 3964 461 4008 ne
483 3936 682 4005 affirmativo
707 3941 772 4004 iam
798 3938 952 4006 diximus.
1003 3937 1040 4002 la
1065 3939 1218 4026 negativo
1242 3949 1322 4005 ante

223 4030 238 4098 s
263 4029 375 4092 omnia
393 4026 426 4091 id
443 4036 613 4094 teneamus
630 4049 761 4092 necesse
777 4035 843 4108 est,
868 4023 1067 4112 primitivam
1091 4035 1239 4105 naturam
1256 4024 1322 4087 ad·
1365 4043 1378 4050 ·

266 4113 369 4182 uerbii
382 4135 452 4180 nou
466 4135 505 4180 eo
522 4133 584 4181 usu
599 4135 669 4180 esse
684 4113 815 4204 penitus
833 4121 1005 4193 mutatam,
1023 4131 1091 4198 quo
1103 4111 1323 4178 coniunctio-
