2830 4712
264 217 398 364 u⁸
482 261 519 292 “
754 271 825 346 ΝΕ.

950 419 956 440 t
1260 413 1270 444 i.

265 447 338 513 clici
358 457 409 514 eat
432 446 634 534 desperare,
665 461 835 516 nesciret.
878 449 917 514 lu
942 451 1243 518 ornneseduiones
1267 422 1322 520 rei

264 533 427 599 acutiores
445 555 462 598 e
479 536 691 600 Gronoviaua
705 537 838 600 transiit
853 537 1003 622 ineptum
1023 539 1137 602 vitium
1155 559 1199 603 ne
1215 561 1323 614 aurea.

266 619 367 702 Quod
400 641 480 684 vero
510 619 624 686 dicunt
645 621 851 707 grammatici
876 624 974 686 etiam
1008 625 1106 689 verba
1136 627 1322 697 ettuetundi.

265 705 436 770 dubitandi
454 708 498 768 ita
516 708 681 790 construi.
704 709 829 772 utillum
848 707 948 774 habet
964 711 1145 775 rationetur
1171 734 1249 774 uam
1268 712 1323 776 iu-

218 869 222 873 ,
262 792 424 878 telligitur¹
441 791 541 856 simul
568 815 693 858 nomen
717 795 866 868 consilii,
896 805 951 859 aaut
982 797 1118 872 aliaest
1142 799 1323 863 verboram

262 877 476 943 constructio.

378 998 474 1052 Plane.
483 996 516 1050 ad
527 995 585 1048 cte.
597 997 640 1063 lu,
654 997 699 1061 21,
714 997 758 1052 lo.
775 1013 853 1068 quiem
867 1001 981 1067 primum
994 1002 1090 1070 poterit
1105 1001 1322 1069 diocaesareae,

330 1081 538 1144 conclamabit,
558 1099 590 1134 ae
606 1100 655 1150 qua
673 1084 727 1137 laea
745 1085 784 1135 rei
800 1085 918 1154 publicae
938 1087 1012 1138 desit.
1030 1085 1049 1138 i.
1067 1103 1091 1138 e.
1110 1103 1173 1139 nou.
1184 1087 1324 1142 dubitabit

328 1165 424 1220 adesce
449 1183 482 1217 eo
506 1165 638 1229 consilio,
658 1183 694 1218 uo
719 1167 911 1236 reipublicae
932 1168 1010 1222 desit.
1046 1171 1157 1224 Sucina.
1181 1171 1255 1240 ilug.
1277 1171 1322 1226 ot.

329 1251 451 1332 uiaetari
464 1250 535 1304 euim
548 1266 590 1315 ae,
608 1267 656 1316 ue,
675 1251 701 1304 ei
714 1259 869 1321 eripereatet,
888 1255 999 1323 eriperet·
1011 1255 1112 1327 legibus
1125 1273 1207 1310 reum.
1284 1299 1287 1306 ,

341 1405 373 1468 4.
394 1401 431 1466 lu
452 1398 564 1466 verbis
583 1401 802 1489 prohibendi,
825 1403 1020 1490 quiluuc‘um
1041 1427 1083 1470 ue
1099 1407 1323 1488 consociatur,

256 1487 339 1555 illud
354 1499 400 1554 est
410 1487 750 1566 animadvertendum,
785 1511 827 1552 uo
838 1488 1180 1575 differantqnomiuua
1195 1504 1227 1558 et
1237 1494 1340 1579 quiu-

167 1601 170 1606 ’
256 1574 292 1640 in
311 1575 425 1640 eadem
444 1573 702 1638 constructione.
745 1513 800 1640 ille
816 1575 902 1645 enim
923 1575 1045 1653 indieat
1067 1577 1177 1642 adesse
1202 1578 1323 1666 prohi-

258 1659 360 1725 bendi
384 1657 578 1736 consilium,
602 1659 781 1805 ἵιονηίιιιιε
809 1661 944 1746 atquin
973 1661 1109 1727 modum
1136 1673 1167 1727 et
1188 1685 1322 1728 succces-

259 1767 354 1823 sum,
385 1764 485 1829 quem
516 1765 586 1806 uon
636 1743 729 1807 abeat
752 1748 856 1819 aetio,
886 1746 1091 1831 exprimunt.
1141 1748 1212 1812 Hoc
1240 1771 1320 1813 vcro

260 1833 358 1896 etiam
382 1829 423 1893 ad
439 1828 614 1892 consilium
632 1827 797 1907 refertur,
816 1829 898 1907 illud
923 1831 962 1893 ad
986 1851 1147 1897 caussam.
1190 1825 1322 1898 Recenss
1396 1861 1399 1872 ·

214 1921 222 1932 '
258 1916 360 1981 tiores
382 1923 491 1978 autem
509 1916 684 2000 scriptores
704 1925 878 2006 utramque
894 1917 1057 1980 rationem
1078 1929 1321 2001 permutarunt,

184 2077 190 2085 ,
260 2013 351 2070 etue
371 2022 433 2089 pro
451 1999 630 2086 quominus
648 1998 698 2063 vel
718 2023 782 2086 pro
802 2012 840 2065 ut
855 2024 924 2065 nou
940 2024 1036 2090 saepe
1051 2002 1232 2086 dixerunt„

372 2119 430 2175 cte.
445 2137 473 2188 p.
489 2119 584 2171 Plane.
598 2117 643 2184 42,
658 2116 719 2172 1⁰4.
731 2119 813 2189 pluro
829 2139 862 2174 ue
877 2122 980 2185 dicam,
1002 2130 1062 2176 tuae
1083 2141 1124 2176 me
1140 2125 1220 2178 etiam
1240 2125 1321 2176 lueri-

324 2223 386 2260 uuae
401 2207 553 2276 impediant.

370 2308 462 2362 Tacit·
477 2307 546 2360 dnn.
559 2303 586 2370 u,
601 2302 645 2358 21.
664 2305 758 2390 oblitus
770 2307 945 2374 Arruntium,
959 2325 990 2364 ue
1005 2310 1034 2362 ia
1048 2309 1208 2380 Hispaniam
1221 2325 1322 2381 perge.
1399 2297 1400 2332 l

325 2401 382 2460 ret,
397 2393 524 2447 decimum
538 2391 698 2444 iumouuum
715 2390 828 2444 attineri.

341 2545 380 2612 5.Ι
404 2541 469 2610 Sed
491 2543 580 2610 haud
611 2564 688 2609 raro
712 2565 755 2608 ne
776 2551 854 2630 post
880 2540 977 2608 verba
995 2541 1140 2628 positum
1156 2543 1320 2624 videmus,
1398 2549 1399 2580 ³

257 2651 342 2719 quae
356 2651 423 2698 non
442 2630 637 2710 consilium,
661 2628 718 2692 sed
736 2649 882 2694 caussam
908 2628 956 2694 rei
980 2627 1168 2694 efficiendae
1190 2630 1216 2692 si
1242 2627 1321 2692 nifi-

258 2728 354 2800 eant‚
376 2718 476 2784 veluti
502 2725 576 2805 post
595 2713 731 2799 (aetum
755 2725 822 2795 eet,
848 2701 1073 2803 effecit‚‘ubi
1096 2715 1161 2779 dici
1184 2653 1320 2794 deiieret

257 2815 295 2869 ut
318 2827 399 2870 aon.
450 2801 667 2868 Grammatici
688 2800 729 2864 ad
758 2821 831 2865 rem
854 2801 1080 2887 explicandam
1113 2799 1197 2866 nihil
1230 2799 1335 2866 alfes

157 2926 161 2935 ν
255 2898 353 2966 tunt,
377 2909 481 2976 quum
503 2886 643 2952 barbaro
667 2883 834 2970 vocabulo!
848 2886 977 2964 dicunt,
999 2908 1070 2953 esse
1093 2886 1320 2952 constructio-

256 2997 335 3042 nem
352 2983 601 3064 praegnantem.
646 2971 710 3036 Sed
727 2981 805 3034 sunt
827 2969 1058 3058 exemplorum
1078 2975 1164 3037 varia
1185 2992 1319 3057 genera.

257 3060 329 3128 Alia
345 3061 433 3126 enim
449 3059 484 3123 in
500 3080 535 3122 sa
550 3057 675 3122 habent
688 3056 894 3122 reconditam
913 3058 1040 3125 consilii
1064 3058 1254 3123 notionem:
1280 3057 1319 3124 in

257 3146 371 3213 multis
387 3141 591 3246 significatur
606 3142 692 3208 ratio
708 3151 742 3207 et
756 3142 877 3208 modus
893 3143 1028 3230 agendi,
1050 3143 1236 3232 praemissis
1254 3164 1317 3207 vo-

258 3232 379 3298 cabulis
412 3230 511 3310 adeo,
538 3228 688 3309 idcirco,
715 3229 956 3316 promeritae,
985 3230 1053 3304 aie,
1077 3229 1150 3294 itu.-
1181 3229 1217 3294 in
1244 3227 1317 3294 aliia

257 3318 370 3384 subest
388 3317 480 3382 notio
506 3313 709 3403 impediendi
729 3315 779 3380 vel
807 3313 1022 3402 prohibendi,
1046 3315 1079 3380 in
1103 3315 1172 3380 aliis
1194 3334 1317 3379 cavan-

201 3455 205 3463 ,
258 3404 305 3469 di.
347 3403 416 3470 Nee
449 3411 560 3466 tamen
588 3403 700 3487 negari
725 3401 867 3488 poterit,
904 3421 964 3466 usu
985 3399 1155 3485 ¹loquendi
1187 3399 1318 3488 vulgari

219 3539 221 3544 -
256 3490 427 3556 interdum
443 3479 502 3552 lias
517 3485 645 3553 formas
662 3496 882 3572 commutatas
902 3508 982 3553 esse.
1026 3485 1078 3552 Cl'.
1102 3486 1244 3551 Rothius
1273 3487 1318 3552 ad

258 3575 365 3644 Tacit.
383 3576 459 3662 Agr.
475 3577 507 3642 6.
529 3573 711 3660 Herzogius
730 3571 771 3637 ad
793 3574 884 3658 Caes.
905 3572 944 3638 Β.
966 3571 1027 3637 civ.
1046 3579 1074 3653 1,
1091 3574 1143 3638 85.

372 3694 487 3749 Terent.
501 3693 573 3746 Hoc.
589 3690 617 3757 d,
631 3691 659 3758 8,
673 3691 718 3746 41.
735 3700 765 3745 ut
777 3693 824 3761 pol
839 3709 879 3745 tue
888 3693 985 3760 secisse
1000 3695 1130 3756 arbitror,
1155 3711 1189 3744 ue
1212 3691 1241 3744 id
1261 3708 1318 3746 me-

325 3780 379 3834 rito
391 3780 429 3833 aei
443 3779 563 3832 eueniret.
580 3758 603 3829 l.
621 3795 647 3830 o.
669 3795 702 3829 oo
719 3774 842 3840 consilio,
859 3793 903 3830 uo.
932 3775 990 3830 cie.
1005 3793 1030 3844 p.
1045 3776 1105 3829 lllil.
1122 3775 1165 3838 lt,
1177 3775 1221 3829 38.
1241 3777 1318 3830 cuiue
1393 3809 1394 3851 ὴ

324 3865 364 3917 oia
379 3865 464 3918 omui·
477 3865 542 3918 laea
554 3879 654 3934 temper
661 3865 736 3932 fuit,
754 3878 787 3914 ue
802 3861 909 3914 Gladius
923 3889 959 3900 -
974 3862 1002 3914 oi
1017 3877 1165 3930 caprearum
1180 3859 1317 3922 ciuitatem

325 3953 429 4001 terreret.
464 3947 543 4001 Caes.
563 3949 598 4000 Β.
613 3947 667 4000 oiv.
682 3947 708 4011 ὃ,
723 3940 768 4000 ot.
793 3951 910 3998 attamen
932 3963 1013 4014 aegre
1034 3945 1142 3998 retenta
1162 3945 1318 3998 domitianis
1392 3987 1393 4000 i

325 4032 453 4085 militibus
474 4035 697 4099 crisostomus
717 4027 817 4099 proelio
841 4029 1128 4084 antemetidianas.
1147 4030 1253 4083 laetum
1272 4037 1317 4084 eet
1392 4045 1393 4066 ¹

325 4109 450 4181 consiliu
463 4132 518 4187 qao
527 4119 681 4182 caveretur,
696 4131 731 4171 ne
744 4112 851 4185 proelio
866 4115 1086 4173 eonteadeceuu.
1121 4115 1234 4170 Sallust
1253 4108 1321 4188 Cat*¹
