2830 4712
579 285 647 362 NE.
1097 289 1151 356 55¹.

149 461 242 523 Tacit.
258 456 330 518 'anu
354 462 397 528 ll,
417 462 461 516 tto.
486 479 533 516 uer
556 479 625 518 unae
645 461 779 520 adulteria
801 463 957 518 auretam
973 461 1027 526 sit,
1044 458 1138 512 uodo-

149 571 235 618 suum,
255 550 365 604 moitis
378 557 404 601 et
420 557 514 602 saeros
524 543 650 615 fortunae
664 555 778 620 paratur
792 555 941 620 reposuerat.
975 545 1025 600 nbi
1047 541 1139 598 uritiei

151 643 291 691 mutarunt
311 633 421 702 integra
445 633 541 686 verba.
573 632 682 702 Apulei.
699 634 779 703 Apol.
800 651 827 702 p.
840 621 902 700 atti
918 632 961 687 1⁰.
994 631 1027 685 Ιι
1044 631 1138 684 Sullu-

149 723 193 776 stii
211 722 273 774 Gut.
289 720 333 783 11,
351 719 377 772 8.
396 719 453 770 ium
475 717 543 770 ratim
568 717 705 786 duplicem
724 718 859 772 exstitisse
883 717 1047 788 scripturam
1062 734 1095 770 ue
1109 720 1139 770 ot

147 808 263 868 nedum,
279 822 334 856 uon
357 805 411 858 ium
427 802 536 856 eudicus
550 803 647 872 scripti
651 843 664 874 ,
688 804 736 858 sed
750 803 908 858 Priscianus
929 801 1000 856 loeis
1021 799 1138 856 dirersis

44 897 49 916 ⁸
147 909 172 958 p.
187 888 266 942 tato.
284 896 313 941 et
331 907 356 956 p.
371 888 450 942 1⁰31.
468 893 593 942 testatur.
1075 897 1079 906 '

189 995 283 1046 Plaut.
300 991 361 1044 Cas.
376 989 402 1053 5,
418 987 445 1054 4,
461 989 504 1043 23.
533 993 683 1045 sententis
702 1007 812 1044 omaso.
844 989 893 1043 nbi
911 963 1001 1044 tritici
1025 966 1139 1042 addide-

150 1088 211 1135 runt
226 1081 300 1132 dum.
335 1072 445 1144 Apulei.
463 1073 568 1129 Florid.
586 1093 612 1146 p.
628 1073 689 1140 aad,
705 1073 748 1128 39.
771 1073 837 1146 pooe'
853 1076 920 1130 uuili
937 1093 969 1129 ue
988 1075 1016 1127 iu
1040 1076 1138 1129 medio-

149 1167 230 1217 rritas
255 1163 360 1233 quidem
385 1160 533 1217 ciuitatibus
561 1177 685 1230 amquam
710 1161 833 1232 desseret
858 1179 891 1216 ua
918 1169 948 1216 nt
979 1159 1140 1232 Carthagini

147 1251 236 1302 desint.

163 1401 217 1466 ill.
252 1365 383 1476 Restat,
415 1407 449 1462 ut
474 1397 521 1463 de¹
537 1379 743 1485 quibusdam'
761 1394 935 1464 structuris
959 1393 1138 1464 verborum

97 1507 160 1548 cam
172 1511 211 1552 ue
227 1485 497 1574 compositorum
512 1505 695 1572 exponam.

172 1661 199 1718 t.
227 1655 373 1736 Quando
398 1655 432 1720 in
456 1653 518 1720 hae
545 1653 726 1752 negatione
752 1649 836 1719 duae
865 1649 917 1720 vel
942 1651 1053 1742 plures
1083 1673 1139 1716 res

106 1735 329 1824 distinguendae
358 1752 453 1821 sunt,
498 1740 604 1806 Latini
634 1759 685 1804 eas
718 1760 780 1826 per
816 1739 1052 1825 interpositum
1076 1749 1139 1802 aret
1201 1737 1206 1746 “

104 1823 276 1910 significant,
318 1849 356 1891 ao
386 1827 568 1890 dicuntae
593 1835 656 1889 out
677 1859 722 1874 -·
744 1834 824 1902 aut,
854 1823 1136 1912 quemadmodum

102 1911 234 1977 translata
257 1914 435 2000 negatione
460 1925 498 1975 ut
522 1931 628 2010 nepae
649 1945 692 1960 -
713 1931 830 1998 nepus.
881 1909 919 1975 In
944 1909 1009 1976 illis
1034 1932 1138 1998 nega·

97 1995 136 2058 tio
164 1998 395 2086 complectitur
423 2008 535 2061 totum
565 1996 744 2076 tudinium,
785 1995 821 2061 in
849 1992 899 2062 his
924 1997 1066 2084 pertinet
1096 1995 1138 2064 ad

94 2095 200 2168 partes.
1049 2116 1052 2129 ¹

198 2203 258 2257 cte.
273 2203 308 2255 de
325 2197 401 2257 Orat.
416 2205 442 2268 2,
458 2204 501 2270 59,
517 2203 579 2258 239.
595 2205 733 2257 uitandum
748 2209 788 2258 est
812 2203 916 2258 oratori
935 2209 1087 2271 atramque,
1104 2219 1139 2254 ne

149 2296 196 2342 unt
205 2289 322 2358 ueneritis
340 2291 408 2342 iussu
424 2291 460 2344 sit
475 2299 521 2343 unt
537 2290 663 2364 mimicas.
698 2287 724 2352 1,
738 2287 764 2353 9,
778 2287 822 2342 aa.
840 2289 966 2341 ussurtior
987 2289 1089 2349 Crasso,
1104 2302 1138 2340 ae

150 2380 195 2426 out
220 2374 255 2426 de
280 2373 309 2427 C.
328 2375 413 2426 Laelii
433 2377 513 2427 soceri
530 2375 598 2437 mei,
614 2379 662 2426 aut
685 2375 717 2425 de
738 2375 815 2426 isaias
837 2376 929 2444 generi
950 2381 998 2426 aut
1018 2379 1073 2424 arte
1089 2379 1137 2424 aut
1171 2419 1175 2426 ,

146 2459 235 2528 gloria
257 2457 408 2528 detpulaam.
443 2459 477 2511 de
499 2457 729 2526 ott.1,at‚1as.
749 2479 826 2514 sonas
841 2467 899 2513 erut
914 2459 1012 2512 dolote:
1036 2457 1138 2510 litterae

146 2561 221 2610 sopire
236 2551 388 2611 expressae,
403 2561 483 2612 aeque
497 2561 647 2614 oppressae,
667 2563 699 2597 ae
714 2553 762 2599 aot
776 2548 911 2600 abacorum
926 2549 990 2598 esset
1015 2549 1064 2596 aut
1085 2559 1136 2612 pa-

146 2628 237 2680 lidum.
271 2627 305 2680 ln
325 2627 370 2680 his
383 2627 512 2697 intellige
525 2629 655 2684 omissum
670 2631 743 2698 pald.

163 2763 228 2828 Vbi
253 2785 333 2828 vero
352 2762 526 2830 disiunctio
550 2765 646 2830 fitia
670 2765 750 2852 ipsis
777 2762 935 2850 negativis
956 2760 1140 2843 sententiis,

88 2848 249 2914 diciturut
273 2887 318 2898 —-
340 2871 427 2926 neu,
453 2861 493 2914 ut.
518 2874 626 2918 ne-
649 2874 735 2935 neu,
755 2873 799 2918 ne
822 2887 863 2904 -··
888 2871 976 2931 neta,
1005 2868 1071 2913 aeta
1091 2883 1136 2898 -

87 2937 163 3014 aea,
187 2934 363 3023 dequibus
382 2935 453 3008 ride
468 2935 556 3004 inira
571 2937 608 3003 in
627 2955 705 3005 aar.
956 2933 958 2938 ’

165 3096 197 3156 2.
217 3087 353 3176 Antiqui
369 3091 548 3178 scriptores
563 3113 632 3157 non
650 3093 805 3160 dixerunt
824 3102 857 3156 et
873 3113 920 3158 ae
933 3087 967 3155 iu
993 3091 1136 3156 coniun-

87 3175 197 3260 gendis
224 3175 350 3241 duabus
377 3175 525 3264 partibus
549 3180 646 3244 unius
678 3178 879 3262 sententiae,
910 3175 1043 3242 sedvel
1068 3197 1136 3242 oen

87 3272 283 3348 posuerunt,
326 3261 367 3325 de
396 3283 462 3348 quo
489 3263 561 3330 vide
587 3286 648 3329 suo
672 3267 767 3346 loeo,
798 3263 850 3328 vel
882 3273 962 3340 aut,
1000 3261 1051 3328 vel
1078 3261 1136 3326 ubi

87 3348 224 3432 graviter
246 3357 302 3412 aut
326 3347 510 3436 distinctius
537 3361 607 3416 erat
628 3350 853 3440 loquendum,
875 3346 1060 3436 asyndeton
1083 3345 1139 3412 fea

88 3444 207 3498 cerunt.
249 3435 386 3500 Diuersa
403 3443 512 3498 tamen
527 3458 579 3500 res
597 3449 663 3514 est,
684 3437 740 3503 ubi
764 3457 824 3525 per
846 3446 882 3501 et
901 3435 964 3500 alia
987 3433 1137 3523 negativa

90 3520 245 3584 sententia
270 3519 453 3606 apponitur
467 3521 678 3610 praecedenti
701 3521 752 3589 vel
772 3519 987 3587 affirmativae
1001 3521 1060 3589 ‘vel'
1074 3542 1137 3584 ne-

90 3603 216 3692 gativae.
262 3605 448 3688 Quomodo
477 3615 539 3672 nac
563 3621 640 3696 post
657 3633 711 3675 ,ne
725 3617 923 3695 usurpetur,
940 3606 1015 3674 vide
1036 3605 1139 3674 infru.

91 3692 310 3772 Quintilianus
321 3691 465 3780 simplex
483 3701 516 3757 et
530 3697 662 3782 posuit,
685 3705 726 3760 ut
739 3703 824 3760 esset
842 3705 875 3758 et
889 3694 955 3758 ita.

184 3812 243 3866 Lis.
264 3811 310 3876 22,
333 3809 377 3876 25,
394 3807 427 3864 ti·
455 3814 494 3872 M.
508 3815 651 3868 Minacium
669 3817 828 3886 magistrum
851 3815 973 3884 equitnm,
990 3827 1024 3863 oe
1038 3811 1139 3864 hostem

153 3899 267 3963 sidera,
284 3915 317 3950 ae
330 3896 394 3965 quid
412 3897 453 3952 rei
477 3897 583 3952 bellicae
602 3908 731 3971 gereret„
736 3916 818 3970 prope
840 3899 870 3950 iu
895 3896 1041 3950 semodium
1062 3895 1141 3948 iradi-

155 3990 214 4034 tam.
247 3978 274 4047 4,
291 3979 316 4046 2,
332 3977 357 4034 5.
383 3977 510 4047 4,t‚11.
528 3977 736 4039 Drakenborch.
758 3983 793 4038 nd
814 3979 840 4046 5,
857 3979 902 4047 35,
919 3979 945 4036 4.
982 3973 1096 4048 Quintil.
1110 3976 1142 4043 5,

154 4063 234 4130 t‚-1o.
250 4068 504 4136 prandendumque,
523 4087 557 4123 ae
570 4073 692 4136 timidos,
713 4089 745 4123 ae
760 4071 923 4133 ineundum,
939 4084 971 4122 ue
986 4065 1141 4140 imprudens

154 4151 219 4205 tertis
236 4153 279 4209 sit.
314 4151 376 4208 ote.
393 4152 429 4204 de
443 4151 656 4221 Offrlfflffll.
675 4157 815 4224 iisdemque
830 4145 1142 4225 impurissimorum
1220 4211 1224 4226 x
