2760 4714
271 229 591 347 rnornnonnn
625 267 911 345 rnornnono.
1048 281 1113 346 sor

131 447 174 504 14.
191 449 377 520 propontidem
391 449 455 518 qnid
470 445 644 517 conseatur
658 449 749 503 tentio.
784 446 870 504 Tmo.
886 447 913 518 4,
930 447 957 520 4,
973 451 1000 508 8·
1016 467 1114 524 prope·

131 536 238 590 nodum
253 541 374 604 repertae
389 534 461 598 ertio,
477 550 556 603 mom
572 551 623 604 ego
641 535 691 587 ein
701 531 785 588 insto.
876 567 881 575 ·

145 641 177 702 8.
206 635 293 700 Hine
318 636 416 700 etiem
440 645 618 724 usurpatur
636 634 679 710 ,de
706 657 758 716 eo,
787 633 876 723 quod
901 635 1114 704 videturesse

58 731 121 788 out
140 720 211 787 lieri
233 743 343 808 posse.
833 721 836 730 '

165 823 258 876 Pluut.
279 822 358 889 Gupt.
376 823 402 884 5,
420 821 447 886 2,
464 821 490 873 5.
501 822 695 892 propemodum,
712 817 756 871 ott
773 818 823 872 loci
834 817 960 889 fortunae
975 829 1037 878 tuoe
1051 823 1114 890 etot,

124 908 209 976 sorite
223 907 357 977 intelligis.
391 905 435 960 itu
448 913 490 960 ert
506 903 766 975 interpungendum.
802 902 887 956 Poen.
904 905 930 973 5,
948 905 975 974 5,
994 905 1037 961 lo.
1051 925 1116 980 pro-

128 993 268 1063 pemodum
284 993 332 1043 boo
349 992 472 1044 odsonore
483 991 627 1062 prandium
638 999 727 1062 potero
744 989 820 1042 milri.
1110 994 1113 1003 '

147 1097 177 1158 4.
201 1091 374 1180 Vtiprope
392 1114 469 1158 oum
485 1091 645 1183 particule
668 1087 743 1160 iam
770 1090 929 1180 coniungi
951 1092 1048 1182 nolet,
1070 1096 1116 1169 itu

59 1179 164 1247 etiam
187 1175 443 1268 propemodum.

1087 1235 1089 1239 ’
1111 1242 1116 1257 ι

165 1297 257 1352 eraut.
275 1297 349 1352 Meu.
363 1298 393 1362 5,
411 1296 437 1363 2,
458 1295 501 1352 14.
517 1313 605 1351 oerum
624 1297 810 1367 propemodum
825 1298 880 1352 mm
903 1296 965 1363 soto,
991 1299 1055 1368 qnid
1071 1299 1118 1354 ute
1212 1291 1215 1302 ’

129 1383 177 1438 rei.
204 1382 277 1438 llud.
298 1383 326 1446 2,
345 1381 372 1447 1,
388 1380 414 1438 4.
431 1400 478 1436 noe
495 1384 548 1436 ium
567 1383 599 1436 de
615 1391 708 1436 ornatu
722 1385 918 1453 propemodum,
934 1391 963 1438 ot
981 1383 1118 1452 looupletu

133 1470 233 1532 nomos,
256 1468 333 1524 mitto.
363 1465 457 1522 suen.
484 1467 510 1532 1,
536 1467 561 1532 1,
581 1464 625 1517 54.
649 1485 709 1520 nom
729 1470 916 1546 propemodum
936 1465 1119 1532 inmortendtt
1237 1525 1240 1532 .

81 1569 82 1573 ’
131 1571 207 1608 suom
223 1553 389 1606 sententium.
418 1551 532 1606 Terent.
550 1551 633 1606 Andr.
648 1551 675 1620 8,
690 1550 717 1618 4,
734 1551 761 1604 t.
792 1553 863 1624 Eun.
879 1553 908 1618 1,
924 1554 952 1617 2,
973 1551 1033 1606 123.
1060 1549 1119 1626 Cle.

131 1638 167 1692 nd
185 1639 266 1692 Fsm.
285 1635 311 1701 6,
329 1633 354 1704 4,
372 1635 398 1714 5.
416 1640 526 1692 atterum
544 1641 728 1708 propemodum
746 1640 801 1693 inm
818 1653 907 1692 mmo·
921 1639 1024 1708 capent.

148 1741 185 1808 ⁶..
204 1740 437 1826 comparativo
455 1741 681 1827 proemittitur
700 1763 740 1806 eo
768 1740 881 1815 modo,
910 1761 980 1826 quo
999 1759 1118 1828 prope.

167 1842 226 1896 cle.
243 1841 278 1894 de
297 1839 355 1894 nin.
375 1843 401 1907 1,
420 1843 445 1910 1,
462 1843 488 1898 2.
504 1850 535 1896 ot
548 1845 732 1913 propemodum
754 1843 902 1897 tmuortleo
924 1850 1041 1896 stom,
1054 1841 1119 1908 tuo,

131 1928 178 1998 qm·
193 1928 299 1981 omnine
315 1931 422 1984 avocent
438 1946 456 1980 o
471 1929 643 1999 pbilosophis,
660 1925 740 1998 quom
756 1930 805 1994 ltin,
825 1930 870 1998 pd
888 1935 942 1982 oto.⁴
1037 1961 1040 1968 ι

149 2068 179 2128 6.
200 2061 415 2152 Propemodo
446 2063 636 2142 Gronovius
661 2085 765 2150 quum
797 2065 829 2130 in
862 2063 991 2130 dnobus
1014 2061 1120 2138 Plonti

60 2145 148 2216 locis
161 2148 349 2224 invenisset,
369 2151 468 2212 etiam
486 2149 577 2214 Livio
603 2159 636 2213 et
651 2148 767 2215 Plinio¹
781 2173 877 2214 usnnn
898 2151 996 2215 buius
1022 2171 1119 2215 voes-

11 2285 12 2312 ,
60 2231 133 2300 buli
149 2233 314 2298 vindicare
335 2246 470 2298 conotus
497 2245 545 2298 est
570 2235 610 2299 od
632 2237 755 2313 ouon,
773 2241 824 2300 11.
853 2238 895 2300 At
910 2247 1042 2300 tontum
1059 2235 1120 2300 nb·
1201 2256 1203 2266 ¹

60 2329 132 2398 est,
152 2329 188 2383 ut
202 2322 380 2406 scriptores
397 2322 450 2384 isti
473 2322 516 2385 ito
538 2320 671 2405 loquuti
695 2322 772 2398 sint,
796 2330 832 2383 nt
853 2343 896 2384 ne
914 2322 1000 2419 opud
1023 2321 1120 2386 Plou-

12 2451 14 2476 ,
60 2419 138 2470 tum
156 2405 289 2491 quidern
308 2415 414 2470 exstet
430 2415 558 2468 certum
580 2406 676 2469 huius
698 2403 850 2472 vocabuli
874 2405 1044 2473 indicium.
1080 2405 1120 2470 ln

13 2537 14 2564 r
61 2489 150 2558 Livii
174 2493 249 2554 loco
279 2490 413 2580 plurimi
439 2499 472 2552 et
502 2491 623 2576 optimi
643 2489 771 2555 codices
798 2489 956 2556 exhibent
972 2501 1121 2555 ceterum

60 2595 166 2670 quum
179 2575 389 2662 propemodo
407 2575 480 2662 quis
501 2575 708 2649 accessisset,
730 2571 823 2639 millo
842 2611 882 2625 -
906 2573 1120 2665 motufocto,

62 2671 183 2728 castro
201 2659 245 2726 ob
268 2661 348 2726 urbe
364 2657 480 2750 ferme
499 2685 623 2751 potone
646 2660 740 2726 mille
764 2659 868 2726 locat.
911 2661 997 2726 Haeo
1021 2681 1121 2728 sensu

61 2745 219 2812 destituto
236 2746 453 2814 emendarunt
472 2748 604 2833 quidam
619 2746 742 2812 librorii
759 2745 803 2810 itn
816 2769 925 2836 prope
940 2745 1014 2812 iam
1026 2769 1121 2812 moe·

60 2829 176 2912 nibus,
190 2833 245 2899 olii
254 2857 365 2924 prope
374 2830 557 2914 moenibus,
569 2833 622 2899 olii
635 2855 743 2920 prope
754 2853 886 2898 muros:
909 2853 990 2920 quae
1007 2832 1121 2920 omnia

60 2921 138 2984 non
153 2917 311 3001 efficiunt,
325 2918 403 3008 quid
426 2945 443 2982 n
461 2919 554 2982 Livio
573 2917 759 3006 profectum
782 2918 832 2984 sit.
877 2917 947 2982 Hoe
958 2939 1035 2983 vero
1047 2939 1122 2984 eor·

62 3018 139 3070 tum
162 3005 307 3090 videtur,
343 3002 434 3072 illurn
456 3027 563 3094 prope
586 3027 655 3072 nou
679 3004 890 3070 coniunxisse
908 3005 1121 3086 ornandorum,

61 3111 167 3178 quem
184 3091 282 3156 etiarn
303 3089 509 3159 Alsohofskio
538 3091 698 3179 placuisse
720 3093 833 3157 miror.
885 3091 935 3156 Ne
962 3114 1001 3156 ue
1028 3089 1121 3178 qnis-¹

61 3197 168 3262 quom
186 3175 268 3241 dixit
278 3175 528 3265 propemodum
545 3176 717 3242 accedere.
753 3173 791 3242 In'
806 3177 913 3242 Plauti*
927 3113 958 3244 'll
959 3178 1022 3242 rin.
1040 3181 1072 3258 8,
1089 3181 1122 3258 3,

60 3265 118 3329 51.
147 3261 276 3338 oodioes
302 3261 462 3350 praebent
483 3261 733 3362 propemodum
741 3311 751 3342 ,
773 3272 816 3326 et
839 3264 876 3330 iu
897 3263 1012 3328 Psend.
1039 3268 1066 3332 1.
1089 3263 1109 3328 8

59 3349 120 3412 42.
142 3346 199 3413 ubi
220 3345 317 3436 vulgo
344 3346 479 3438 legitur:
501 3371 572 3414 som
594 3347 677 3436 qnid
693 3371 755 3413 noo
773 3344 945 3414 volomus?
976 3366 1033 3414 un.
1057 3307 1124 3412 Pol

59 3454 132 3518 ego
146 3455 215 3520 pro
240 3433 377 3500 amodo.-
399 3446 436 3498 ut
451 3433 543 3499 mole
556 3435 601 3499 eit
620 3433 716 3500 milti.
752 3431 913 3500 editiones
930 3433 1122 3524 antiquissi-

60 3538 141 3583 mne
165 3454 288 3582 hoderit.
303 3519 565 3608 propemodum.
617 3519 711 3602 Quos
734 3542 833 3607 quum
857 3521 900 3586 ito
927 3521 1010 3597 sint,
1040 3517 1122 3585 illud

58 3603 295 3694 propemodo‚
317 3604 437 3683 nbnsu
462 3608 597 3693 antiquo
621 3607 781 3685 alienum,
810 3605 1035 3673 recentissimo
1061 3603 1123 3668 de·

58 3706 161 3754 mum
186 3698 339 3778 tempore
360 3690 485 3755 loetum
505 3715 573 3758 esse
595 3692 722 3756 videtur
747 3691 946 3779 inspeciem
972 3689 1122 3754 vocabuli
1178 3745 1182 3752 .

89 3775 259 3859 ostmodo,
280 3778 370 3841 onius
394 3773 479 3842 ratio
497 3799 634 3864 prorsus
649 3777 760 3843 differt
774 3777 814 3843 nb
831 3777 887 3842 illo
902 3775 1124 3867 propemodm

92 3861 208 3928 ibrurii
227 3863 379 3927 nonnulli
396 3882 436 3927 ex
450 3885 508 3928 sue
524 3863 759 3946 eonsuetpdine
773 3864 871 3930 etiam
887 3865 920 3930 in
936 3863 1031 3930 Plinii
1046 3861 1123 3928 Not.

58 3951 119 4029 84,
137 3947 191 4028 14,
207 3950 260 4014 41.
275 3950 478 4043 soripsernnt
501 3947 719 4040 propemodo.
769 3983 772 3992 ¹
874 3977 877 3984 ⁴
