2830 4712
577 249 649 347 us.
832 201 835 205 ’
1096 253 1138 316 sr

105 415 239 484 indicant.
296 415 332 482 ld
362 418 457 484 bene.
472 418 540 483 iam
576 416 793 493 Gernhardus
822 419 1067 498 observaverat,
1105 429 1139 486 et

105 507 191 588 quum
210 503 248 567 ad
266 503 333 568 Cic.
349 503 438 569 Lael.
459 525 494 590 p.
511 508 563 570 99.
581 504 733 583 dixisset,
756 515 850 571 utne
869 506 965 593 poni,
987 503 1045 569 ubi
1063 526 1137 593 ver-

105 590 169 653 bum
190 589 380 677 praecedat,
402 588 494 676 qnod
521 587 608 654 effici
634 589 756 678 aliquid
775 591 887 672 iubet,
912 591 1023 656 addit:
1047 592 1136 679 „qui

59 689 63 698 “
106 675 222 738 ellectus
246 677 272 740 si
287 675 332 756 jn
360 674 493 740 vitanda
524 699 560 740 re
586 677 751 755 cernitur,
780 688 817 742 ut
840 676 1066 764 interponitur
1093 678 1136 743 ad

106 761 259 846 quamdam
290 763 548 826 constructionis
576 761 746 828 lenitatem
777 763 878 828 verbo
915 759 1050 852 efficere
1084 763 1136 829 vel

104 869 220 930 operam
236 847 322 910 dure
338 848 601 929 concedendam,
624 871 641 913 a
668 852 760 914 cuius
784 849 925 916 notione
947 872 991 914 ne
1015 848 1136 935 prohi-

105 931 218 996 bitivum
245 932 427 1001 abliorrere
447 935 634 1000 videatur.“
677 933 714 998 In
734 956 800 1022 quo
824 935 907 1001 illud
930 946 979 1000 est
996 936 1133 1017 mirum,

105 1019 214 1082 Latinos
230 1017 366 1083 eosdem
380 1019 549 1084 interdum
566 1030 634 1084 tam
650 1018 824 1108 diligenter
840 1021 961 1088 covinno
978 1017 1135 1110 proprie-

104 1112 185 1167 tatem
199 1105 396 1183 verborum,
420 1105 496 1191 qui,
519 1117 559 1170 ut
574 1114 721 1182 constat,
743 1117 811 1172 tarn
831 1130 928 1198 saepe
944 1129 987 1172 ne
1009 1128 1073 1194 pro
1096 1118 1133 1172 ut

104 1211 157 1253 aaa
169 1189 360 1278 posuissent.
391 1191 627 1256 -Buttmannus
644 1191 683 1254 ad
699 1193 838 1273 Quintil.
855 1199 905 1271 12,
924 1197 954 1268 6,
972 1197 1002 1256 2.
1019 1192 1131 1279 tripli·
1226 1205 1232 1215 '

105 1293 160 1338 aem
173 1279 322 1368 exposuit
338 1298 486 1341 caussam
502 1278 565 1341 ita:
586 1278 765 1366 „primum
784 1300 887 1366 quum
903 1279 930 1342 is
948 1276 1004 1362 qui
1019 1277 1133 1364 loqui-

105 1361 322 1427 turita'sensus
340 1361 517 1450 disponere
535 1362 624 1445 vult,
646 1377 682 1427 ut
706 1386 747 1427 ne
772 1366 838 1428 atio
863 1361 1063 1451 praeligetur
1084 1363 1134 1429 rei

105 1446 295 1535 isi'negatae
310 1449 415 1512 serius
441 1448 634 1535 ponendae,
660 1471 725 1534 quo
749 1388 840 1513 iacto
863 1457 1015 1514 remanet
1038 1459 1076 1512 ut
1097 1449 1133 1512 in

105 1469 193 1596 lionte
205 1535 463 1621 propositionis:
490 1535 626 1615 deinde,
650 1556 753 1618 quum
775 1555 890 1599 sensus
916 1531 1132 1621 prohibitivus

110 1622 338 1701 nuntiandis,
363 1623 418 1706 qui
439 1632 488 1684 est
511 1622 546 1686 in
563 1621 705 1707 simplici
729 1646 788 1697 ne,
812 1622 918 1686 minui
935 1619 1050 1684 debet:
1075 1620 1133 1682 de-

112 1703 204 1787 nique,
220 1729 324 1792 quum
342 1707 515 1770 consilium
534 1707 613 1772 illud
632 1709 822 1792 negativum
837 1707 904 1772 sive
922 1706 1030 1769 cautio
1049 1727 1134 1792 pen-

114 1786 157 1850 det
172 1812 185 1853 e
199 1794 286 1856 verbo
308 1791 359 1868 vel
376 1814 529 1857 sermone
545 1815 658 1858 sensus
675 1784 863 1858 affirmativi
873 1805 891 1871 ,⁸
906 1791 962 1856 sed
979 1791 1133 1858 nondum

110 1872 229 1941 absoluti.
238 1885 259 1916 ‘⁶
308 1877 437 1958 Quibus
456 1880 628 1965 quomodo
645 1903 680 1944 re
706 1881 756 1943 ula
774 1880 933 1965 loquendi
948 1880 1133 1942 constitua-
1203 1927 1207 1935 .

106 1969 161 2038 tur,
178 1963 322 2048 equidem
346 1986 414 2028 non
433 1965 540 2029 video.
585 1965 647 2030 Sed
672 1903 847 2052 dumptius
870 1961 902 2046 ὃ.
926 1966 1000 2029 817.
1025 1963 1132 2043 docet,

105 2055 181 2110 utne
198 2049 279 2113 nihil
298 2048 436 2114 differre
457 2074 475 2114 a
497 2075 540 2114 ne
560 2051 718 2139 simplici,
741 2051 803 2115 nisi
828 2051 918 2138 quod
941 2050 1071 2114 dicatur
1096 2051 1132 2114 in

103 2137 225 2199 oratione
239 2136 408 2221 graviori,
430 2139 623 2222 praesertim
641 2140 675 2201 in
698 2137 842 2224 legibus:
867 2136 957 2223 quod
975 2137 1133 2200 innume·

102 2218 136 2279 ris
147 2219 215 2284 lacis
230 2245 301 2285 non
316 2223 489 2286 convenite
515 2232 623 2288 tamen
640 2226 710 2288 iure
727 2221 848 2287 refellit
864 2244 981 2287 eorum
996 2232 1132 2285 senten-

101 2303 180 2386 tiam,
202 2309 255 2394 qui
274 2330 423 2372 caussam
439 2309 473 2371 in
490 2330 528 2370 eo
545 2308 684 2373 oonsilio
707 2309 949 2394 quaesiverant,
971 2318 1008 2372 ut
1022 2301 1131 2372 ae‘ab

98 2389 176 2454 initia
199 2395 434 2458 enuntiationis
464 2401 633 2458 remotum
667 2394 764 2460 alicui
792 2394 925 2459 nomini
954 2392 1133 2482 posteriori

99 2479 182 2561 aptari
198 2491 328 2566 posset:
352 2503 429 2544 nam
446 2480 635 2566 saepissime
650 2491 688 2544 at
700 2482 749 2545 'ne
766 2479 984 2546 collocantur.
1021 2477 1132 2542 Ochs-
1163 2549 1166 2556 ,

98 2582 177 2626 nerus
197 2567 232 2629 in
260 2565 373 2654 Eclog.
395 2565 463 2628 Cia.
490 2588 524 2651 p.
549 2569 621 2632 145.
647 2568 870 2651 antiquiorem
895 2565 996 2627 luisse
1021 2574 1147 2627 censet

99 2667 193 2727 urum,
213 2653 246 2715 in
266 2673 334 2737 quo
354 2661 392 2715 nt
414 2651 604 2716 universum
621 2652 808 2729 consilium,
833 2673 875 2714 rae
890 2649 1131 2712 distinctiorem

97 2732 349 2820 significationem
377 2737 609 2823 expressisset:
645 2736 733 2823 qnod
768 2756 833 2820 qua
856 2735 983 2796 ratione
1005 2732 1130 2797 factum

34 2897 36 2906 Ι
97 2819 142 2893 sit,
169 2844 235 2886 non
260 2823 408 2910 expedit.
469 2823 586 2910 Neque
618 2823 926 2909 iustosnrgumento
949 2817 1131 2883 Billrothus

97 2902 277 2973 inGramm.
301 2932 333 2995 p.
349 2911 423 2973 374.
446 2919 478 2974 et
497 2911 678 2998 Herzogius
695 2907 735 2973 nd
754 2910 845 2972 Caes.
862 2905 942 2971 Bell.
959 2905 1018 2969 civ.
1030 2911 1059 2983 3,
1077 2907 1132 2970 56.

96 2998 238 3076 negarunt
259 3018 302 3060 ne
325 2995 401 3058 addi
419 2994 475 3058 uni
492 2995 587 3059 alicui
602 2995 750 3060 nomini:
772 2993 806 3059 id
823 2994 910 3058 enirn
927 2987 997 3056 fieri
1022 3013 1081 3078 per
1094 3002 1132 3056 ut

96 3097 167 3158 aaa,
187 3081 243 3143 sed
270 3082 306 3144 in
331 3092 368 3144 ut
394 3103 437 3144 ne
461 3083 626 3167 pertinere
649 3105 691 3145 ne
717 3080 757 3143 ad
784 3087 902 3143 totam*
922 3079 1132 3143 sententiam.

96 3160 283 3248 Wagnerus,
307 3167 364 3251 qui
389 3167 436 3229 sin
463 3167 588 3230 ularem
614 3167 761 3231 libellum
785 3165 828 3230 de·
850 3163 916 3228 hoc
940 3185 1001 3226 usu
1018 3164 1132 3226 Nord-

95 3244 180 3314 husae
218 3275 245 3316 a.
284 3247 376 3316 1827.
417 3189 519 3315 edidit
557 3255 747 3336 (repetitum
774 3251 814 3315 in
853 3249 1009 3315 Seebodii
1044 3249 1130 3330 Nou.

94 3330 287 3422 Promptuar.
314 3361 343 3401 a.
378 3340 471 3403 1828.
494 3339 525 3402 4.
555 3361 587 3424 p.
601 3344 684 3419 71),
712 3337 811 3401 rediit
838 3337 877 3400 ad
906 3335 1133 3420 antiquiorum
1176 3359 1180 3362 ·

34 3447 35 3458 ¹
95 3425 370 3502 grammaticorum
397 3423 609 3508 opinionem,
641 3427 675 3489 in
699 3434 736 3487 ut
758 3447 802 3487 ne
830 3442 1029 3509 expressum
1052 3443 1131 3498 esse,
1229 3495 1234 3512 ‚

95 3507 218 3586 quadiu
240 3533 282 3574 ne
300 3508 445 3592 simplici
468 3511 630 3582 omissum
647 3519 748 3586 esset,
771 3518 868 3592 atque
892 3508 1132 3571 demonstravit

95 3600 190 3670 utrae,
212 3596 300 3681 quod
325 3595 448 3680 ubique
474 3595 772 3675 dicendumque,
795 3592 931 3658 differre
953 3615 971 3656 a
992 3591 1035 3656 rte
1058 3605 1131 3656 tum

96 3675 252 3744 verborum
279 3681 514 3744 consecutione
525 3679 548 3761 a‘.
572 3691 644 3744 tum
673 3679 923 3767 significationis
956 3678 1129 3764 gravitate:

94 3778 160 3826 nam
183 3767 397 3831 collocatione
423 3767 601 3852 particulae
626 3767 785 3830 indicasse
805 3770 1006 3850 scriptores,
1031 3785 1129 3850 quem

95 3849 233 3916 orationis
247 3863 380 3940 partem
397 3853 541 3916 maxime
560 3851 764 3936 prohibitam
787 3851 986 3931 voluissent,
1008 3859 1040 3912 et
1054 3874 1131 3939 gra·

94 3932 208 4001 vitatem
224 3939 300 4007 addi
317 3939 353 4002 in
370 3936 469 4002 rebus
485 3937 695 4027 opponendis
714 3938 763 4001 vel
786 3947 917 4022 praeter
934 3936 1131 4022 opinionem

95 4025 302 4106 exspectandis
318 4023 370 4090 vel
386 4024 595 4112 appetendis:
621 4024 678 4088 ubi
692 4046 770 4090 vero
787 4043 964 4109 suppressa
980 4033 1064 4086 esset
1080 4021 1132 4098 el*¹
1193 4075 1198 4088 ,

95 4109 154 4170 tera
175 4106 360 4198 coniunctio
378 4121 435 4192 ut,
459 4109 596 4178 alteram
614 4109 745 4177 minore
769 4129 845 4174 cum
870 4109 902 4175 vi
923 4118 1072 4194 spectare
1088 4107 1128 4170 ad
1174 4160 1177 4168 .
