2760 4714
609 292 735 364 evat.
1123 301 1188 368 627

208 468 333 532 Gotaero
347 465 485 522 desiderat
497 465 616 520 verbum
630 458 751 534 aliquod,
766 460 949 535 velntt'pront
958 455 1107 536 peanitas
1132 489 1188 541 qao
1301 478 1305 485 ’

205 559 318 644 recepto
324 551 489 636 Quintiliani
496 551 749 620 nemausam-a·
761 553 922 606 mamistae.
934 549 1026 607 Teolt.
1035 555 1103 610 Ana.
1110 555 1188 650 lfa,

241 656 385 726 Quomodo
402 655 510 728 malado
525 669 588 707 enm
611 660 688 746 prora
703 659 890 742 componetur,
903 653 968 706 ride
981 653 1082 744 addit.

224 765 256 824 2.
278 759 315 825 In
338 759 398 823 hae
417 759 665 844 comparatione
687 778 800 822 rerum
822 753 953 841 serioris
971 761 1083 828 aetatis
1104 761 1191 847 seri-¹

140 854 254 934 ptores
267 846 540 932 interposuerunt
558 843 622 908 ita.
640 845 644 856 '
1082 847 1085 856 ’

240 962 340 1017 Colone
356 961 384 1026 4,
398 960 425 1027 4,
442 959 467 1012 5.
485 968 562 1030 prora
578 961 648 1014 radas
661 961 723 1030 ipra
737 965 785 1028 at,
799 960 844 1014 ita
854 959 932 1014 earm
946 961 1130 1029 etperiaataea
1140 979 1191 1034 ga-

208 1063 272 1099 uera
289 1048 436 1099 morborum
453 1047 533 1112 fiemt.
558 1042 630 1098 Ptin.
652 1043 723 1097 Hist.
748 1059 775 1098 n.
798 1041 831 1112 5„
844 1041 870 1110 ,⁰2
897 1043 941 1096 le.
965 1045 1124 1102 emanatura
1143 1054 1190 1116 at,

207 1138 286 1198 prout
307 1131 335 1182 ia
359 1129 526 1182 Mauritania
548 1121 619 1182 itiner
643 1129 765 1182 indreeoe
792 1130 1013 1198 attoariense
1038 1132 1129 1184 Nilum
1148 1134 1191 1186 in·

210 1229 326 1266 marera
347 1213 441 1282 {⁸2²2
464 1211 490 1266 4.
510 1211 581 1266 Plia.
607 1213 696 1283 aptat.
718 1211 751 1279 5,
772 1211 823 1279 21,
843 1211 872 1267 ¹⁵1.
891 1215 1001 1268 manta
1021 1217 1127 1270 arata
1151 1219 1193 1271 uel

206 1314 307 1367 pram,
320 1301 483 1368 perarmate
498 1305 546 1352 aet
564 1315 682 1366 prospere
698 1298 796 1366 redum
813 1299 854 1352 ita
869 1299 1071 1370 oelprodaatpr
1087 1301 1128 1356 oet
1145 1317 1193 1356 re-

209 1382 412 1449 prehendantur.
447 1383 544 1438 Seneo.
563 1382 677 1458 Quaeri.
696 1385 754 1436 nat.
772 1379 806 1448 1,'
818 1381 844 1448 5,
865 1382 891 1456 ti.
969 1410 973 1418 ·

226 1486 259 1548 8.
284 1484 492 1551 Carminibus
516 1507 585 1552 non
610 1484 686 1548 satis
716 1495 831 1572 aptum
853 1493 924 1548 erat
950 1484 1027 1550 boo
1046 1483 1193 1550 voeabu*

141 1563 227 1645 lum,
245 1589 306 1632 nec
328 1581 457 1636 tantum
475 1572 517 1634 ob
533 1569 698 1647 formam,
719 1569 888 1637 sedetiam
913 1581 1064 1657 propter.
1076 1572 1193 1634 notio·

140 1651 194 1716 nis
221 1653 438 1720 sterilitatem.
486 1657 600 1726 Exstat
622 1665 735 1720 tamen
759 1655 847 1741 apud
871 1655 1045 1720 Horatium
1071 1655 1138 1720 Sat.
1161 1660 1194 1736 2,

142 1737 175 1814 6,
197 1741 249 1804 67.
268 1742 505 1828 praetoriique
522 1738 629 1804 libido
646 1752 707 1820 est,
726 1739 835 1804 siccat
852 1739 1046 1829 inaequalis
1069 1740 1194 1806 ealieeo

132 1823 306 1891 'conviva
335 1825 391 1890 ubi
409 1827 571 1890 Bentleius
585 1846 708 1908 negans
731 1837 908 1908 poetarum
926 1843 1021 1888 urum
1045 1845 1063 1887 e
1081 1823 1195 1889 codiee

136 1905 329 1992 =aelbertino
348 1911 473 1996 recepit
487 1931 606 2010 quum,
627 1919 665 1972 ut
681 1909 798 1995 cuique
812 1907 920 1970 libido
936 1919 987 1972 est
1003 1917 1065 1972 eto.
1096 1907 1194 1973 Ovid.

135 1991 222 2057 Her.
238 1999 290 2074 21,
303 2000 377 2060 227.
394 1994 592 2081 adspiceres
606 1993 734 2073 sellem,
748 2003 851 2080 prout
865 1993 939 2080 ipse
954 1992 1118 2082 rogabas.
1138 1993 1195 2059 ubi

138 2073 382 2145 ,Ruhnkeninse
419 2080 501 2144 haee
529 2101 596 2144 vox
619 2079 697 2142 salis
722 2078 879 2160 ostendit,
902 2077 1008 2143 buius
1036 2079 1196 2166 epistolae

144 2173 310 2228 auctorem
337 2165 473 2229 cadente
496 2164 654 2228 latinitate
682 2162 862 2248 scripsisse.
914 2164 1039 2228 Auson.
1061 2163 1195 2230 Mosell.¹

47 2274 51 2279 ·
141 2251 220 2314 872.
242 2249 337 2314 mille
354 2250 430 2325 atii,
447 2260 548 2337 prout
568 2269 728 2335 quemque
740 2269 821 2309 snus
836 2247 953 2347 magia*
972 2249 1120 2335 impetus
1135 2273 1196 2316 ur·-

173 2343 216 2409 et,
237 2356 308 2398 esse
326 2335 378 2398 tui
392 2335 543 2420 capiant.
590 2332 701 2412 Quare
720 2330 814 2395 valde
830 2331 977 2396 dabam
992 2335 1132 2414 videtur,
1154 2358 1197 2402 an

179 2417 301 2482 oratius
318 2416 382 2481 boe
398 2418 557 2485 vocabulo
572 2437 730 2503 umquam
749 2435 826 2478 usus
844 2415 958 2481 fuerit.
1081 2469 1085 2478 ,
1189 2473 1192 2478 .

230 2505 263 2566 4.
293 2500 417 2568 Aue'tor
441 2503 522 2570 Belli
550 2501 769 2588 hispaniensis
792 2520 885 2582 suam
911 2511 1050 2586 aetatem
1075 2502 1197 2596 prodi-

148 2585 205 2668 dit,
228 2609 330 2673 quum
355 2589 491 2656 nomine
513 2587 664 2674 Pompeii
685 2583 848 2653 scribebat
871 2609 899 2658 a.
924 2591 977 2652 26.
1002 2586 1074 2656 etsi.
1092 2599 1197 2675 prout

147 2682 267 2756 nostra
276 2671 452 2823 felicitae,
482 2672 715 2739 exsertantia
737 2671 959 2739 adversariae
983 2671 1097 2738 adbuc
1117 2696 1198 2760 pro-

80 2811 86 2826 .
140 2757 261 2907 pulsor
288 2757 447 2837 rubemus,
468 2771 585 2825 tamen
601 2769 659 2824 eto.
675 2757 740 2832 boe
757 2768 815 2835 est,
840 2780 926 2844 quae
942 2769 1062 2822 nostra
1076 2769 1126 2844 eet
1133 2755 1198 2846 fe-

169 2841 274 2910 ‘eitaa
296 2843 411 2922 vNemo
431 2846 643 2933 antiquorum
661 2853 731 2922 tam
748 2864 900 2930 perverse
916 2841 1074 2930 loquutus¹
1091 2855 1159 2930 est.

443 3185 446 3192 ’
537 3171 781 3258 ·PVTA.
898 3175 965 3198 ”

233 3353 327 3420 Prata
343 3353 557 3453 imperativus
575 3351 700 3442 vulgari
714 3374 869 3416 sermone
893 3352 1059 3420 transiisse
1079 3373 1199 3420 narra·

148 3448 204 3504 tur
220 3440 253 3504 in
269 3439 413 3506 adverbri
430 3461 542 3520 usum,
562 3448 598 3502 ut
613 3437 888 3502 demonstrandae
905 3439 953 3502 rei
969 3437 1126 3524 singulari
1148 3440 1200 3506 vel

147 3523 335 3590 inducendo
351 3524 506 3613 exemplo
520 3523 649 3590 cuidam
664 3523 853 3588 inserviret:
885 3533 994 3588 tamen
1013 3524 1070 3588 ubi
1085 3519 1129 3600 iti
1146 3523 1200 3590 di-

149 3608 246 3686 eitur,
266 3631 397 3696 semper
419 3633 479 3700 per
500 3634 535 3677 ee
557 3618 685 3674 constat
707 3619 805 3696 atque
826 3609 866 3675 atl
883 3619 986 3673 totam
1003 3609 1200 3674 sententiam

150 3692 473 3760 animadvertendam
489 3703 625 3784 speetat.
664 3693 788 3760 Mansit
812 3695 913 3782 igitur
936 3695 1046 3781 prima
1069 3693 1198 3794 signifi-

149 3779 246 3844 eatio.
295 3781 510 3850 Grammatioi
546 3803 626 3846 vero
659 3779 876 3846 adverbialem
907 3790 1060 3846 naturam
1095 3799 1132 3844 m
1160 3802 1200 3846 eo

149 3865 344 3950 cognovisse
356 3866 422 3943 sibi
437 3868 496 3932 risi
509 3877 606 3948 sunt,
629 3867 718 3952 qaod
734 3865 841 3932 brevis
858 3876 940 3930 esset
961 3875 1109 3929 extreme
1127 3865 1201 3954 syl-

147 3948 232 4016 laba.
252 3952 437 4017 Priscianus
457 3974 491 4041 p.
507 3957 602 4018 1007.
632 3951 667 4018 A
684 3951 795 4040 igitur
812 3951 1038 4016 terminantia
1056 3949 1114 4015 vel
1124 3951 1200 4040 pri-

148 4033 276 4102 mitiva
291 4050 380 4116 auat,
401 4047 440 4102 nt
462 4037 547 4113 ita,
572 4036 666 4125 quad
685 4037 795 4104 eoam
809 4060 834 4101 a
849 4047 1040 4126 aaneptnm
1058 4034 1200 4104 babuit.-

150 4121 307 4209 quamvis
337 4121 481 4213 aridam
506 4134 596 4212 puta
625 4125 754 4213 quaque
785 4119 990 4192 adverbium
1010 4143 1081 4212 esee
1103 4121 1197 4192 aoei-
