2830 4712
528 263 595 334 ur.
616 209 735 334 “ure
882 349 885 358 ,
1117 273 1160 344 2⁶

166 439 257 494 verbe
269 455 302 494 oe
314 442 344 494 tu
357 437 410 494 ebt.
444 435 517 493 Ptin.
532 438 638 508 Peueg.
654 400 706 502 tu,
720 435 747 493 9.
761 437 804 514 Ι’11
818 438 964 510 mssregr'te
984 441 1162 500 semissem

164 527 287 580 er'rorum
306 525 399 588 urbes,
421 523 529 594 populi,
552 531 646 596 gentes
665 524 821 576 inserentur.
870 519 981 594 Lipsius
1004 529 1161 586 emenderit

165 613 287 666 11111-
305 609 471 662 inseruntur:
491 625 584 662 ornnes
597 606 701 678 reliqui
719 605 838 662 editores
852 603 880 660 id
892 619 1064 680 receperunt.
1087 613 1161 670 Mihi

65 719 67 723 ·
161 695 279 764 quidem
295 711 350 748 non
367 695 468 762 placet.

177 869 213 930 3.
246 863 447 928 Ciceronem
463 860 614 948 aliosque
631 860 810 948 scriptores
827 883 930 1012 (prum
947 863 1103 934 vidissent
1116 891 1160 936 ne

103 945 166 1013 fere
180 971 320 1038 semper
335 971 411 1013 cum
422 946 680 1036 pronominibus
698 969 840 1034 persone
855 949 927 1014 ibus
943 962 977 1015 et
991 964 1161 1022 monstre-

104 1035 170 1098 tivis
187 1035 423 1106 coniunxisse,
445 1032 588 1102 Faernus
604 1033 643 1098 ud
664 1031 801 1098 Terent.
824 1035 925 1100 Andr.
948 1037 1037 1105 Prol.
1055 1045 1106 1105 17.
1128 1051 1161 1108 et

104 1121 300 1186 Arntzenius
318 1123 359 1184 ed
378 1120 462 1184 Ptin.
478 1121 558 1185 Pon.
575 1123 628 1183 70.
651 1119 771 1205 eliique
790 1123 1028 1208 praeceperunt
1050 1125 1082 1189 id
1104 1127 1160 1192 fs-

106 1217 187 1272 ctum
205 1230 279 1271 esse
296 1205 337 1269 eb
353 1205 507 1270 omnibus
531 1205 751 1292 scriptoribus
776 1206 879 1271 bonie'
897 1220 993 1295 etque
1019 1212 1160 1278 otnniuo

104 1289 171 1356 fieri
194 1293 359 1357 debuisse.
402 1289 455 1354 cf.
482 1287 589 1355 Wolf.
615 1289 655 1354 ed
679 1292 748 1356 Cic.
773 1291 874 1358 Ture.
900 1299 928 1369 1,
949 1299 1070 1373 Sodi.
1102 1297 1160 1364 ubi

107 1377 255 1442 Klotzius
278 1376 443 1463 exemplo,
468 1397 552 1462 quae
569 1398 638 1440 non
659 1375 779 1439 hubent
796 1399 1007 1462 pronomen,
1029 1391 1161 1468 praeter

107 1464 247 1549 regulam
266 1461 413 1527 formate
434 1483 502 1525 esse
522 1461 608 1526 dicit.
652 1459 683 1522 Τ
685 1481 780 1522 umen
806 1461 876 1546 ipse
899 1463 1014 1528 Cicero
1036 1467 1081 1530 itu
1104 1467 1160 1534 lo·

109 1560 221 1632 quntus
237 1560 288 1614 eet
304 1571 339 1636 p.
356 1545 380 1611 F
382 1556 451 1610 ont.
471 1551 501 1624 6,
520 1554 570 1611 11.
586 1545 776 1631 saepissime
798 1547 928 1612 comici.
973 1551 1057 1614 Vsus
1081 1573 1159 1619 vero

108 1631 160 1697 bic
180 1633 334 1698 omnibus
361 1632 567 1716 temporibus
592 1631 781 1694 eommunis
806 1653 877 1695 non
905 1655 947 1698 ex
972 1655 1008 1700 ce
1032 1637 1161 1706 rctiouo

116 1731 239 1782 exortus
260 1739 333 1782 esse
357 1713 504 1794 videtur,
526 1735 590 1800 quo
616 1711 722 1795 adeo,
743 1717 880 1804 quidem
903 1724 1161 1806 pronominibus

115 1803 234 1889 adiungi
247 1803 352 1880 solet,
374 1800 429 1866 sed
446 1799 558 1900 potius
576 1795 793 1886 pronomine,
819 1813 853 1867 ut
869 1807 1002 1892 gravior
1018 1809 1065 1876 vis
1082 1833 1160 1880 ore-

111 1888 203 1956 tionis
222 1890 378 1969 exsistet,
402 1909 513 1974 primo
528 1885 605 1952 loco
621 1889 868 1974 exprimuntur.

211 2030 303 2082 Fient.
318 2027 419 2096 Amph.
440 2026 602 2092 1,1,1ou.
625 2044 658 2079 ee
679 2045 729 2098 ego
746 2029 823 2082 teme
845 2028 939 2100 inseiis
953 2031 1011 2100 fui.
1047 2035 1160 2095 Terent.

165 2114 269 2168 Heunt.
285 2113 319 2180 3,
339 2113 374 2178 2,
389 2111 477 2166 teet
492 2120 646 2184 oeegcte,
664 2114 760 2166 tineus
775 2114 882 2179 veriet,
901 2117 1060 2188 megrrifice,
1079 2125 1161 2180 clem.

165 2216 225 2264 me‚
242 2207 360 2252 tractore
375 2198 480 2268 poesim.
514 2194 549 2262 4,
563 2195 596 2262 6,
615 2197 657 2250 12.
673 2215 707 2250 oe
722 2215 763 2250 me
776 2198 840 2254 istuc
852 2201 928 2268 prim
944 2218 975 2254 ee
991 2210 1016 2255 te
1031 2208 1162 2266 audivisse

164 2285 292 2354 gaudeo,
306 2301 398 2356 ,quom
420 2289 563 2356 argeutum
585 2283 698 2336 baberet.
724 2275 886 2362 ’Cicrssrut
903 2284 953 2352 11,
971 2284 1081 2346 2411111
1099 2310 1161 2364 ege,

164 2367 292 2436 inquam,
316 2369 341 2434 si
361 2368 401 2422 ito
422 2376 473 2433 eet,
498 2367 577 2420 eelim
599 2365 647 2419 tibi
662 2383 721 2420 cum
742 2365 847 2436 placere
870 2387 950 2440 quere
971 2374 1091 2428 menime
1125 2378 1161 2434 de

164 2450 230 2506 rin.
252 2451 287 2517 3,
310 2451 405 2518 3,11.
440 2452 474 2505 de
491 2451 554 2506 Not.
570 2449 644 2514 112,
662 2450 733 2515 1.,1.
757 2469 789 2506 rre
810 2470 860 2524 ego
876 2456 1016 2522 incautus,
1034 2461 1081 2528 qur·
1102 2479 1162 2521 m

166 2539 320 2590 academico
345 2546 371 2591 et
388 2539 476 2591 eodem
494 2537 596 2590 rhetore
610 2538 736 2608 congredi
754 2545 859 2592 eremus
881 2555 947 2594 eure.
981 2541 1015 2594 ed
1036 2543 1115 2600 Tem.
1133 2548 1160 2616 1,

164 2619 219 2688 23,
236 2621 281 2674 11.
305 2621 358 2675 tea
369 2623 480 2692 quidem
495 2638 597 2676 worma
608 2657 615 2684 ,
628 2637 673 2674 vue
690 2638 741 2690 ego
761 2623 843 2674 meuc
862 2623 986 2681 libentius
1000 2633 1104 2684 emerim
1118 2635 1162 2688 di.

164 2707 309 2760 mentium
342 2707 517 2774 Terracinae,
542 2722 576 2758 oe
597 2721 697 2774 semper
720 2705 812 2774 torpet
833 2707 951 2760 mlestus
978 2711 1037 2762 rim.
1078 2715 1161 2772 Ture,

165 2787 331 2859 menso

213 2893 329 2946 Terent.
343 2893 445 2946 Heeut.
459 2889 485 2958 4,
499 2890 526 2960 8,
538 2891 584 2946 tt.
603 2907 638 2944 ee
651 2891 680 2945 tir
695 2891 852 2961 propediem,
866 2898 895 2946 ut
910 2891 991 2948 Mem
1007 2881 1064 2949 re‘m
1076 2901 1160 2970 eides,

165 2977 243 3031 istius
259 2979 445 3033 numerabere.
480 2976 537 3031 cie.
554 2965 731 3041 edTurn.'1‚
748 2976 800 3042 30,
816 2975 842 3028 2.
867 2994 899 3030 ee
914 2985 944 3032 tu
965 2979 1061 3036 uideris
1079 2987 1165 3055 suedie¹

165 3069 231 3115 eote
243 3062 396 3131 prouidisse.
431 3059 457 3128 1,
475 3061 501 3128 1,
517 3061 544 3116 t.
574 3059 644 3116 Phit
663 3061 690 3128 2,
708 3061 734 3126 2,
750 3061 778 3116 3.
804 3060 865 3115 Lir.
881 3060 932 3130 26,
952 3061 987 3129 d,
1009 3064 1053 3119 15.
1086 3071 1160 3127 Plio.

167 3145 256 3214 Epist.
272 3144 305 3211 ’1,
325 3144 379 3209 12,
397 3142 424 3200 d.

214 3247 329 3301 Terent.
344 3249 447 3300 Heeut.
463 3243 498 3312 4,
517 3243 551 3313 4,
569 3245 612 3302 Ti.
629 3265 663 3300 ec
678 3249 723 3300 iile
736 3247 810 3300 baud
828 3248 883 3314 seit,
902 3250 949 3302 isco
968 3252 1079 3320 partium
1094 3256 1162 3312 luere·

170 3341 299 3400 mentem
313 3333 444 3395 eidcmns'
467 3340 598 3402 apportet.
632 3331 690 3410 Qic.
712 3331 798 3385 Turc.
823 3331 977 3400 1,3θ,14.
1005 3354 1084 3404 quum
1103 3359 1161 3398 vero

143 3411 147 3420 '
170 3435 291 3470 causeam
305 3420 401 3470 iustam
418 3418 482 3469 deus
500 3419 555 3486 ipse
571 3418 689 3482 dederit,
706 3426 737 3470 ut
758 3435 829 3472 eune
855 3421 973 3480 Socrati,
990 3439 1058 3473 nuno
1080 3424 1161 3479 Cate-

170 3502 219 3564 ei,
245 3519 324 3572 coepe
339 3503 446 3554 meltis:
469 3520 501 3554 ne
515 3503 574 3568 tlte,
598 3503 699 3556 medius
715 3504 818 3570 fidius,
841 3504 882 3556 eir
903 3506 1008 3574 sepiem
1028 3509 1111 3561 laetus
1131 3529 1178 3569 er„

171 3586 212 3638 iris
226 3587 334 3641 tenebris
347 3589 376 3639 r‘rr
391 3587 472 3640 locem
495 3588 569 3640 iiiam
587 3589 729 3641 excesserit.
762 3587 834 3640 Plin.
852 3589 955 3660 Peneg.
972 3591 1015 3658 16,
1032 3589 1057 3648 5.
1077 3594 1121 3660 21,
1134 3597 1160 3652 2.

171 3669 263 3722 Piunt.
286 3671 385 3745 Amph.
406 3671 433 3738 2,
446 3672 471 3738 2,
485 3670 548 3726 213.
568 3690 602 3725 ee
623 3674 677 3726 istc
699 3675 806 3743 edepol,
823 3675 847 3728 si
866 3677 929 3730 baec
950 3694 1013 3730 vere
1040 3678 1161 3749 loquitur,

175 3758 330 3808 examussim
356 3766 393 3810 ert
409 3765 523 3826 optuma.
567 3757 680 3812 Terent.
704 3758 787 3812 Andr.
810 3757 837 3824 2,
860 3760 885 3826 1,
906 3759 950 3814 24.
975 3779 1006 3816 ne
1023 3764 1073 3816 iste
1086 3765 1161 3821 baud

172 3855 271 3892 meeum
287 3843 376 3894 sentit.
413 3843 469 3894 Cic.
487 3842 522 3895 de
538 3840 601 3894 Seu.
616 3841 660 3907 1⁰,
677 3841 720 3896 33.
744 3860 775 3895 ne
789 3844 834 3895 iiie
848 3862 898 3896 oon
915 3863 1014 3916 mageo
1035 3850 1166 3906 desiderio

176 3925 301 3977 terrebitur
320 3927 423 3978 virium.
458 3923 487 3978 in
510 3927 570 3980 Cet.
591 3927 619 3994 2,
635 3926 662 3994 3,
677 3925 704 3980 d.
730 3927 765 3981 de
782 3927 900 3995 01113,
915 3927 959 3996 31,
981 3929 1042 3984 125.
1076 3933 1161 3990 Tusc.

173 4003 284 4074 348.
309 4007 422 4064 Seilurt.
438 4010 498 4065 Get.
521 4009 567 4076 st,
588 4011 632 4066 21.
656 4013 750 4067 Pleut.
773 4013 848 4066 Meu.
868 4011 895 4082 5,
917 4014 944 4081 1,
965 4013 1071 4084 3411
1093 4021 1162 4076 tous

177 4100 299 4148 mentor
318 4095 373 4149 tom
385 4101 489 4164 petrem
503 4113 631 4152 necessum
648 4115 742 4152 rreum.
