2846 4718
650 257 692 328 ο.
916 192 1267 340 1'au1

143 432 292 502 serbiam
313 438 345 496 et
359 425 618 497 interiectionem
629 453 658 498 o
680 444 750 498 esse
771 423 849 498 dicit
866 431 1028 519 ptutd'et
1043 447 1076 519 p.
1093 431 1190 499 toudt

144 521 290 605 Saetiger
316 518 360 584 de
388 517 521 584 Genesis
544 517 601 581 lat.
622 516 702 604 ling.
734 537 763 581 c.
788 520 860 582 158.
897 537 1026 604 „neque
1049 519 1189 604 omnino

144 604 283 672 vocandi
298 603 403 668 ullum
421 601 608 668 adcerbiam
625 603 684 667 sit:
715 600 799 666 nihil
820 603 910 666 enim
924 602 1110 689 detorquet,
1135 613 1191 668 aut

145 691 254 768 addit,
276 689 446 754 auttotlit
469 713 486 756 a
510 688 664 756 nominee
698 707 800 778 quare
826 689 883 774 qui
908 687 1191 776 praepositionem
1287 745 1290 756 ἱ

146 781 320 865 egdorem,
345 776 484 862 propius
497 773 639 840 -fnetunt
662 774 866 854 veritatem&
899 775 965 838 Sed
984 795 1084 838 nemo
1102 793 1192 839 nunc

145 885 215 930 non
244 869 464 950 perspectam
488 859 590 924 habet
619 870 772 929 naturam
808 859 1062 938 interiectionis,
1106 879 1193 948 quae
1238 929 1241 936 ,

134 949 271 1014 'etiamsi
288 967 363 1010 oum
379 947 449 1012 aliis
464 944 664 1032 nominibus
680 946 907 1039 coniungitur,
930 946 1058 1012 nullam
1080 953 1192 1014 tamen

145 1034 247 1100 habet
261 1032 484 1098 constituendi
507 1040 715 1120 potestatem.

147 1149 155 1240 f
190 1249 195 1256 1
227 1166 342 1232 Graeci
360 1167 566 1256 grammatici
580 1157 779 1256 particulam
793 1164 940 1232 vocantis
966 1171 998 1230 et
1020 1163 1194 1263 appellen·
1275 1225 1277 1232 ,

147 1243 239 1320 tissi
267 1253 308 1320 ab
328 1249 354 1319 οἵ
376 1251 589 1330 exclamantis
624 1263 656 1318 et
684 1253 785 1323 animi
807 1251 1019 1320 affectionem
1042 1251 1193 1320 radicant-

148 1340 189 1404 tis
214 1349 349 1403 accentu
365 1334 618 1425 distinguebant,
649 1337 749 1426 idque
764 1337 983 1420 Buttmaunus
1005 1358 1044 1402 ea
1066 1337 1194 1409 ratione
1272 1363 1276 1370 ·

148 1422 283 1488 factum·
299 1445 368 1497 esse
395 1433 509 1510 putat,
532 1423 622 1512 quod
646 1421 672 1488 ai*
693 1423 902 1506 θανμαστικόν
925 1434 957 1486 et
978 1423 1195 1504 σχετλιαστικὸν

43 1516 49 1542 “
148 1513 224 1575 cum
242 1507 435 1576 nominibus
459 1509 652 1576 cohaereret
664 1515 846 1600 eorumque
861 1529 951 1574 casus
965 1517 1104 1596 regeret,
1125 1529 1196 1574 non

64 1655 73 1663 .
148 1597 228 1661 item
262 1588 287 1659 d
316 1595 711 1662 invocationis'vocativo
741 1595 969 1684 praemissum.
1027 1593 1136 1660 Latini
1159 1604 1196 1659 ut
1239 1627 1241 1635 ·
1293 1587 1296 1603 '

129 1745 130 1750 ,
149 1681 448 1762 hancGraecorum
461 1679 643 1746 doctrinam
659 1703 734 1756 suae
750 1681 879 1781 linguae
894 1679 1197 1762 accommodarent,
1250 1727 1253 1732 -

150 1760 391 1854 significatione
412 1765 545 1854 differre
567 1767 696 1833 incerto
715 1765 840 1832 indicto
866 1765 1017 1831 dicebant
1041 1789 1060 1829 o
1086 1775 1119 1828 et
1133 1765 1196 1830 olea

150 1873 352 1941 quamquam
367 1852 529 1940 negabant
544 1853 778 1938 aspirationem
794 1851 869 1921 addi
908 1875 982 1918 osse
996 1849 1196 1936 inextiema

151 1937 388 2003 uocabulorum
414 1949 518 2026 parte.
562 1939 631 2004 Nec
647 1938 844 2026 'quidquam
874 1875 1004 2002 dimine
1031 1938 1196 2024 assequuti

126 2053 132 2058 ·
151 2033 239 2096 sunt,
263 2023 362 2110 quam
388 2024 479 2114 quod
498 2019 641 2112 Scaliger
658 2047 689 2112 p.
708 2028 781 2092 4122
798 2024 859 2090 ait:
882 2023 980 2112 „plus
999 2021 1097 2090 afficit
1105 2025 1197 2124 prola
1224 2089 1228 2097 ,
1323 2039 1329 2060 ·

150 2128 253 2196 quem
268 2125 345 2194 pro,
371 2119 403 2173 et
421 2111 465 2174 ola
479 2131 579 2196 quam
597 2117 648 2174 o.“
675 2111 837 2176 Densiore
853 2133 938 2174 sona
955 2111 1044 2174 enim
1066 2129 1198 2196 gravior

150 2197 352 2282 exprimitur
367 2191 515 2274 affectus,¹
534 2197 645 2261 tamen
668 2197 770 2286 ipsius
794 2197 960 2282 gravitatis
983 2196 1110 2260 nuliam
1133 2193 1215 2283 lta-y

149 2276 269 2344 iremus
290 2289 437 2345 exactam
462 2285 663 2346 mensuram.
694 2281 777 2347 Vide
800 2303 882 2368 quae
905 2282 1048 2346 diximus
1073 2279 1113 2356 de
1134 2299 1196 2348 ΑΗ.

151 2365 355 2454 Erythraeus
376 2367 411 2430 in
439 2365 703 2454 Indice·³tlirgit.a
725 2387 768 2446 „a
785 2368 943 2456 particula
965 2368 1042 2431 alias
1065 2378 1198 2434 acutum
1227 2395 1231 2402 ³

152 2462 325 2516 accentum
356 2451 466 2528 habet,
492 2461 537 2516 ‘at
558 2473 661 2539 quum
677 2444 734 2516 ‘est
756 2455 913 2518 vocandi:
951 2451 1029 2518 alias
1045 2471 1198 2537 ¹graccus,

153 2537 407 2688 &mptum
429 2537 620 2628 profertur,
660 2559 744 2628 quae
770 2540 857 2628 apud
889 2539 1032 2604 Graecos
1063 2529 1199 2608 dtori-
1277 2579 1282 2586 ·

222 2745 269 2808 1.
300 2719 494 2815 fuisniacus
520 2748 566 2810 13.
590 2765 625 2832 p.
647 2743 722 2810 963.
744 2739 834 2806 nihil
846 2752 963 2807 tamen
983 2737 1126 2808 interest
1141 2739 1199 2806 in·
1242 2751 1248 2762 “

44 2817 52 2825 ’
154 2839 207 2899 ter
224 2851 257 2909 0,
275 2825 338 2915 laco
364 2838 415 2894 est
440 2827 640 2906 vocativum
660 2841 699 2894 ct·
713 2827 805 2920 lacus.
846 2825 1023 2910 Quomodo
1038 2827 1130 2894 enim
1147 2825 1201 2892 da·-
1320 2876 1324 2890 ,

154 2913 262 2995 cimus
282 2913 364 2978 laeua
387 2913 543 2994 iuvenis,
576 2917 628 2982 sic
653 2911 842 2986 ciaconio.
898 2911 1199 3002 Itaquecmcibus

153 2997 326 3065 vocativis
336 3001 575 3085 praeponitur,
591 3025 612 3066 o
627 3013 675 3082 tu,
692 3023 712 3066 o
727 2999 786 3072 mi,
803 3022 823 3063 o
836 3010 969 3064 noster.-
990 2999 1115 3087 quippe
1131 2993 1214 3065 od-'

153 3081 309 3149 corbium
324 3094 374 3148 cst
393 3086 555 3152 vocandi.
606 3088 700 3170 Quae
725 3084 766 3150 de
788 3085 989 3150 Graecorum
1006 3107 1069 3150 auu
1087 3109 1202 3174 gram·
1310 3113 1311 3124 ¹

153 3169 268 3234 matini
284 3175 443 3251 statuunt,
467 3183 538 3236 non
556 3172 597 3238 ad
620 3182 745 3239 certam
767 3169 935 3257 loquendi
949 3169 1098 3260 regulam
1125 3193 1202 3261 per-

155 3255 293 3340 ducant,
316 3274 424 3342 neque
439 3279 550 3324 caussa
574 3269 684 3332 estex
712 3257 813 3339 osita,
837 3269 1043 3346 quapropter
1059 3249 1201 3346 prosaici

97 3337 124 3403 f
153 3343 351 3428 scriptores,
370 3343 516 3442 exceptis
532 3343 668 3434 singuiis
687 3282 788 3425 Facis,
810 3363 942 3430 semper
956 3343 1111 3410 vocativis
1138 3365 1201 3432 ap·
1253 3387 1255 3398 ,
1291 3421 1293 3428 q

155 3436 285 3516 ponam
303 3418 348 3508 d,
371 3447 441 3493 non
455 3439 535 3495 stem
552 3441 688 3520 poetae,
711 3449 771 3494 uec
794 3428 885 3516 quod
909 3428 1143 3510 ¹Stallbaumius
1166 3430 1199 3496 in

155 3517 279 3580 recent.
295 3511 439 3580 editione
451 3511 578 3580 Philebi
593 3515 741 3580 Platonis
760 3536 788 3579 c.
812 3522 841 3579 1.
864 3513 953 3593 dicit,
977 3514 1034 3580 ubi
1054 3507 1079 3579 ci
1100 3515 1202 3580 0mit-
1256 3532 1258 3539 ’

156 3601 272 3673 tatur,
289 3605 481 3665 sermonem
505 3614 573 3666 esse
587 3601 814 3680 admonentis,
843 3599 884 3664 ad
899 3600 978 3665 alios
996 3601 1058 3666 scri
1086 3611 1202 3666 torum

156 3683 250 3750 locos
268 3685 422 3772 pertinet,
456 3685 494 3751 Id
510 3697 619 3752 autem
635 3689 786 3754 constare
800 3686 940 3767 videtur,
958 3685 1045 3772 apud
1064 3621 1201 3752 {aanor

157 3769 356 3858 particulam
379 3793 409 3836 ὀ
436 3773 514 3837 'non
540 3771 686 3874 ‘simplici
715 3769 935 3858 alloquutioni
964 3773 1103 3844 servire,
1143 3771 1202 3836 sed

158 3878 232 3922 eam
263 3877 397 3943 semper
426 3857 535 3924 facere
562 3860 663 3926 animi
689 3859 796 3926 affecti
816 3858 990 3928 indicium.
1035 3857 1122 3922 Nam
1145 3857 1203 3924 ubi

155 3940 343 4030 loquantur
360 3943 469 4012 Latini
492 3964 512 4010 o
535 3943 708 4027 Meliboee,
732 3968 753 4021 o
775 3944 871 4025 sccii,
896 3967 916 4008 o
932 3944 1040 4022 cives,
1062 3965 1082 4006 o
1099 3957 1205 4030 poter·

156 4037 191 4093 et
210 4026 287 4106 alia,
311 4027 504 4116 exprimunt
525 4031 880 4110 uel-benevolentiam,
902 4027 954 4094 vel
969 4048 1131 4111 amorem,
1147 4029 1204 4097 vel
1320 4027 1322 4036 ‘

148 4113 423 4220 ¹rationalitatem,
452 4115 499 4185 ita
522 4127 560 4184 ut
583 4118 697 4186 oratio
721 4117 780 4186 {ist
798 4113 964 4182 blandior
994 4126 1027 4182 et
1056 4115 1201 4205 gratiora
