2830 4712
591 275 663 346 NE.
1110 283 1152 350 67

98 449 245 541 positum
264 444 426 537 iungitur.
474 442 609 515 Tacitus
633 453 743 514 autem
765 443 824 514 has
851 432 962 535 parles
992 451 1152 522 arationis

100 539 237 603 diversam
256 538 315 602 uui
331 529 455 600 rationi
470 530 664 596 submittere
679 531 765 598 solet
780 533 924 621 simplici
949 533 1068 622 copula
1086 561 1152 626 po-

102 625 166 690 sita.
209 621 298 688 Nam
317 630 356 684 ut
374 618 510 705 scripsit
527 617 612 682 Ann.
634 623 684 694 ll,
702 623 735 682 2.
756 618 844 684 adeo
864 620 993 708 ignara
1019 619 1151 692 Caesa·
1228 683 1231 690 .

101 731 151 787 re,
170 719 209 772 ut
228 727 366 792 paucae
385 701 566 792 poct'cliea
589 701 786 790 epulantem
811 705 907 790 apud
928 728 964 772 ae
987 709 1175 792 mnritum‘

103 795 166 859 eiua
185 792 385 880 Scipion-em
394 793 703 940 percunctaretur,
726 811 787 854 eur
813 791 886 856 aine
908 813 1011 857 uxore
1036 791 1153 862 discu-

407 871 609 1026 lessmctom
616 874 700 966 sata
714 875 945 964 responderet.
982 879 1027 942 ita
1053 883 1153 952 etiam

102 877 235 956 luisset,
261 875 393 964 atquei

104 973 129 1045 1,
152 969 203 1030 79.
237 959 418 1028 ornatibus
472 959 671 1038 larentinalia
706 983 750 1026 ae
776 959 896 1026 Clanis
928 963 1029 1028 solito
1056 969 1153 1038 alano

102 1049 248 1117 densatae
274 1049 314 1114 in
340 1069 478 1113 amnem
497 1047 634 1112 Arnum
656 1043 906 1138 transferretur
935 1047 1037 1139 idque
1067 1055 1153 1145 ipsis

99 1134 288 1223 perniciem
300 1133 469 1224 adferret.

176 1291 206 1356 5.
227 1286 449 1353 Grammatici
469 1286 551 1353 olim
570 1287 776 1368 docueruut,
827 1296 880 1351 ost
895 1309 938 1351 ne
956 1287 1094 1354 omittis
1120 1287 1153 1354 l-

105 1373 200 1440 labam
220 1372 275 1439 alt
291 1373 327 1437 in
350 1371 501 1460 aliquid,
525 1383 558 1439 et
582 1373 646 1438 dici
670 1396 713 1438 ne
729 1309 832 1460 quid),
853 1383 889 1436 ut
905 1372 937 1436 si
951 1373 1043 1460 quial.
1086 1313 1154 1441 lios

106 1479 174 1526 tero
195 1458 301 1526 hodie
323 1457 540 1545 elegantiores
572 1459 739 1545 despicere
772 1469 870 1545 atque
900 1456 1009 1522 ridere
1035 1457 1154 1542 solent,

109 1543 220 1610 etiamsi
247 1567 303 1622 ea,
336 1564 422 1629 quae
449 1545 514 1631 ipsi
538 1545 578 1609 de
601 1542 792 1608 discrimine
815 1542 994 1609 verborum
1017 1545 1155 1632 quidet

113 1631 155 1694 uli
174 1633 228 1696 aid
244 1630 434 1716 disputant,
457 1630 614 1727 pleraque
635 1631 682 1695 ita
700 1639 776 1694 sunt
793 1638 1003 1716 comparata,
1027 1641 1063 1696 ut
1084 1630 1155 1698 fere

116 1655 228 1781 nullum
255 1725 413 1802 appareat
434 1713 623 1782 discrimen.
670 1715 851 1802 Antiquior
873 1713 1023 1780 doctrina
1047 1717 1156 1783 verior

119 1811 184 1865 erat.
227 1801 312 1866 Nam
343 1799 600 1866 fundamentum
629 1802 776 1866 cernitur
803 1801 838 1866 in
868 1799 1023 1888 aliquid,
1086 1803 1154 1870 uod

114 1908 200 1972 genus
227 1889 296 1952 siue
327 1906 432 1952 unum
466 1909 484 1950 e
520 1909 640 1974 genere
665 1884 839 1972 significat.
892 1885 1024 1952 Omissa
1054 1826 1155 1980 cilteru

109 1983 192 2058 parte
212 1971 366 2048 vocabuli
392 1972 555 2037 minuitur
581 1975 627 2038 vis
651 1972 889 2053 distinctionis,
913 1982 945 2036 et
968 1971 1006 2036 lit
1028 1975 1156 2040 encliti-

109 2079 182 2126 cum.
225 2059 339 2140 Quare
356 2067 494 2144 utraque
506 2058 619 2160 forma
638 2058 726 2124 idern
751 2056 932 2146 significat,
956 2057 1013 2124 sed
1029 2061 1065 2125 in
1081 2061 1155 2150 quia

108 2141 257 2209 habemns
283 2143 460 2208 notionem
489 2167 542 2210 ma
568 2145 594 2209 is
625 2143 844 2222 abstractam,
872 2143 1015 2230 ideoque
1043 2151 1154 2213 minus

108 2228 292 2295 distinctam.
335 2229 424 2294 Haec
439 2251 519 2296 vero
537 2167 718 2294 deminutio
736 2240 792 2296 aut
807 2229 846 2296 fit
868 2229 902 2294 in
923 2230 995 2330 ipsa
1016 2232 1065 2298 rei
1087 2255 1156 2299 no-

107 2315 204 2395 tione,
235 2325 291 2384 aut
314 2335 375 2402 per
400 2315 490 2380 aliud
519 2315 737 2399 vocabulum,
763 2315 852 2404 qaod
882 2326 1017 2381 eminet.
1068 2319 1157 2386 Nam

107 2401 212 2468 Cicero
227 2401 337 2466 dicere
379 2402 489 2467 uidem
510 2414 641 2492 poterat
658 2402 721 2467 deo
744 2427 814 2467 nora
838 2413 889 2468 eet
911 2402 1059 2489 dignum
1083 2406 1157 2471 ati-

123 2487 177 2552 uid
198 2487 333 2576 frustra
348 2424 493 2586 iacere,
526 2489 584 2553 sed
609 2489 693 2554 dixit
717 2489 758 2554 de
779 2489 854 2554 Div.
877 2491 1157 2568 2‚60‚125.nec

100 2508 229 2660 irustrn
257 2595 301 2638 ac
322 2595 397 2637 erne
420 2596 545 2638 caussa
560 2574 658 2662 .quid
679 2571 797 2660 facere
821 2573 885 2637 cleo
913 2572 1060 2659 dignum
1093 2589 1156 2644 est.

105 2659 252 2744 quoniam
270 2659 380 2722 omnis
405 2661 450 2724 vis
476 2661 637 2724 orationis
661 2659 747 2724 inest
771 2660 806 2722 in
829 2657 935 2722 verbis
953 2657 1092 2746 frustra
1114 2685 1158 2729 ac

103 2743 170 2811 eine
192 2765 329 2810 canaan.
375 2744 439 2808 Vbi
459 2745 651 2815 coniunctio
682 2744 791 2830 aliqua
810 2744 1006 2808 sententiam
1031 2743 1158 2812 format

104 2840 133 2894 ct
146 2833 296 2920 pondere
312 2849 374 2894 suo
391 2829 492 2910 valet,
514 2833 543 2896 ei
559 2831 751 2919 adiungitur
767 2828 971 2894 encliticam.
1013 2827 1051 2896 ld
1074 2853 1155 2900 vero

103 2917 289 3003 quomodo,
312 2925 444 3004 praeter
463 2918 495 2984 ei
508 2928 542 2981 et
555 2940 656 2998 num,
678 2917 845 3001 imprimis
865 2915 900 2979 in
924 2935 967 2979 ne
992 2913 1065 2998 liat,
1085 2939 1157 2985 nun

105 3023 141 3066 ex
159 3026 200 3068 eo
216 3002 449 3091 cognoscitur,
471 3003 581 3092 quod,
601 3014 639 3069 ut
659 3007 704 3068 ait
723 2999 1013 3068 Weissenbornius
1031 3027 1065 3091 p.
1082 3007 1157 3072 253.

106 3085 269 3167 homines,
293 3090 322 3162 si
345 3087 426 3175 quid
447 3099 579 3172 vetant,
606 3083 805 3180 pler'umque
829 3087 1010 3176 generatim
1032 3099 1156 3173 vetant,

105 3175 156 3240 sed
174 3169 259 3262 quod
276 3176 408 3262 negatio
425 3197 468 3241 ne
483 3198 560 3242 cum
576 3177 714 3244 nomine
738 3173 924 3242 coalescens
944 3171 975 3237 vi
993 3176 1158 3260 praevalet

105 3271 134 3324 et
149 3261 298 3328 enclitico
318 3271 459 3326 attracto
482 3263 628 3352 primam
645 3273 774 3350 partem
799 3259 979 3326 sententiae
1002 3273 1155 3350 occupat.

106 3346 212 3426 Quare
226 3358 351 3414 ueteres
375 3346 475 3412 etiam
501 3369 606 3413 unum
631 3349 772 3414 verbam
798 3347 1000 3434 scripserunt
1020 3347 1158 3436 nequid.

106 3430 235 3504 Terent.
255 3433 374 3518 Heaut.
392 3437 423 3510 8,
442 3438 473 3512 2,
492 3436 546 3498 44.
572 3431 634 3500 sed
654 3431 808 3521 siquid,
839 3429 974 3520 nequid.
1012 3435 1158 3502 ‘Accedit
1269 3436 1270 3446 ’

106 3536 199 3595 vero,
229 3519 323 3607 quod
347 3517 474 3606 aliquis
497 3541 569 3584 non
597 3520 632 3585 in
653 3519 802 3606 negativa
834 3518 995 3584 sententia
1024 3520 1158 3601 dicitur,

106 3603 166 3670 nisi
179 3605 228 3670 rel
243 3604 459 3692 oppositione
476 3604 617 3690 effertur
631 3629 756 3671 nornen
775 3604 827 3670 vel
843 3627 901 3670 sue
921 3603 1023 3692 ipsius
1040 3607 1091 3688 ri,
1120 3617 1159 3671 ut

108 3689 258 3774 significet
282 3713 325 3756 ne
349 3691 531 3756 minimum
553 3691 700 3779 quidem.
749 3690 896 3778 ideaque
920 3692 1092 3779 exempla,
1121 3692 1158 3761 in

109 3774 217 3860 quibus
231 3776 358 3865 aliquia
373 3786 505 3842 tanturn
523 3777 647 3864 pollet,
670 3800 739 3844 non
756 3777 838 3842 adeo
854 3775 959 3840 multa
978 3787 1068 3883 sunt¹

212 3895 421 3968 cleperent.
439 3897 484 3963 22,
499 3895 542 3951 52.
561 3899 595 3952 de
612 3916 665 3967 aaa
681 3896 858 3968 (petitione),
876 3913 911 3948 sae
929 3894 1031 3964 aliquid
1047 3893 1157 3966 imolen,

170 3980 295 4040 destitisti.
328 4003 356 4053 p.
372 3981 463 4039 Dcici.
483 3981 529 4048 13,
545 3981 590 4037 35.
606 3985 675 4038 illud
695 3999 800 4048 onear,
815 3998 847 4034 aa
861 3980 909 4034 tili
921 3981 997 4034 illum
1016 3999 1160 4039 cucumere

171 4067 268 4136 uiaaid
285 4068 419 4139 carptim.
453 4088 482 4138 p.
490 4069 553 4122 Mil.
570 4067 616 4135 24,
629 4067 673 4122 att.
688 4069 796 4124 timebat
813 4083 867 4119 aaa
880 4083 914 4136 ea
927 4066 1023 4132 aalma,
1041 4085 1108 4137 puae
1120 4067 1158 4122 ti·

172 4152 263 4208 maa
282 4159 377 4220 uum,
393 4155 438 4212 aad
452 4155 557 4211 maino
579 4154 681 4220 arama,
696 4171 730 4210 ae
754 4151 856 4223 aliquid
878 4167 926 4206 aaa
943 4153 1074 4210 timorata.
1105 4150 1157 4206 ubl
