2760 4714
506 295 690 386 teoctts
1053 303 1118 392 68⁹,

72 479 123 538 eet
145 489 290 550 osacen,
299 487 418 566 neque
430 464 619 566 precellere
634 475 685 534 est
694 487 916 616 promovere.-
934 479 1031 570 etque
1045 471 1120 575 syl·

71 555 146 622 laba
161 553 213 630 ul,
237 577 338 641 quam
355 563 644 642 prsmtuvamesse
657 577 692 620 or
717 564 867 635 urentur,
894 563 1121 624 terminatione

70 641 216 717 inservit,
239 663 282 706 ex
300 642 425 706 aeolico
448 645 520 714 eice
531 638 587 726 (de
597 661 667 726 quo
682 637 896 706 Blomlieldus
911 641 952 711 ud
966 641 1121 732 Aeschyl.

70 723 242 792 Prometh.
276 727 364 812 ets.)
388 733 477 802 orta,
505 724 600 789 sicuti
623 723 826 798 tuccas-et
854 747 918 812 pro
952 728 1120 814 consulas,
1182 731 1185 736 '
1273 755 1280 778 .

71 811 186 878 cx-ul
212 808 378 910 (alioquin
400 807 547 875 Catullus
574 831 645 884 non
675 809 837 896 potuisset
863 831 922 897 per
952 836 966 874 s
994 815 1119 880 sinesin

70 908 290 986 pronuntiare
300 897 439 980 edice).
454 891 602 983 fae-ul,
627 893 772 972 sien-ul,
795 915 857 983 pro
871 834 1003 970 simrsdd.
1031 900 1121 968 Pron

71 993 180 1048 autem
202 993 307 1049 exstat
322 986 355 1051 in
374 1001 587 1068 proc-erus,
612 1000 787 1069 proc-,em
813 1002 965 1078 proc-o,
991 984 1121 1070 signifi.
1163 985 1179 1044 ,’

71 1091 149 1132 cans
172 1068 312 1134 modum
337 1064 573 1216 proqpediendi
590 1065 639 1130 vel
654 1063 845 1154 prestanda,
872 1087 934 1132 nec
955 1067 1120 1142 absonum
1196 1083 1199 1092 '

69 1153 201 1220 uidetur
223 1153 323 1220 etiam
346 1154 381 1218 in
435 1173 472 1215 ac
499 1151 607 1220 littero
636 1174 667 1226 c,
680 1151 933 1219 monstrativum
966 1166 1121 1224 naturam

69 1261 254 1338 agnoscere.
297 1236 485 1316 Promea,
505 1237 533 1304 si
547 1247 677 1326 praeter
692 1257 881 1323 cognomen
898 1238 931 1304 in
946 1261 1007 1306 usu
1021 1264 1123 1311 man·

66 1334 279 1474 osope-esset
297 1324 346 1405 is,
366 1323 644 1412 quisliquantum
659 1343 854 1412 progressus
870 1333 921 1391 est
944 1327 1014 1394 sive
1035 1350 1120 1417 pro·
1194 1377 1197 1384 ⁴

68 1431 130 1498 gre
153 1411 231 1476 itur.

173 1527 233 1584 lam
239 1519 400 1583 Perizonius
409 1525 560 1583 atsmett
572 1525 640 1581 Min.
654 1523 733 1596 1,ss
747 1543 818 1598 „ego
830 1542 898 1581 vero
913 1528 1035 1584 derivem
1049 1531 1123 1588 tttut

139 1613 232 1684 potios
247 1614 284 1668 sb
300 1615 413 1682 antiqno
429 1631 522 1685 proco,
540 1613 569 1666 h.
584 1630 609 1668 s.
627 1627 793 1682 promoveo,
816 1626 952 1682 provoces
972 1615 1123 1688 metopae-

67 1723 71 1730 ·
139 1699 218 1754 citam
231 1698 260 1754 in
274 1698 379 1768 sapiat·
394 1701 423 1752 et
435 1699 565 1770 proes'tme
578 1698 650 1766 opud
666 1699 811 1752 restant*

97 1833 103 1844 '
158 1819 188 1882 1..
210 1815 338 1884 Procul
352 1815 514 1904 significet
534 1815 657 1902 aliquid
678 1837 759 1892 esse,
789 1839 857 1882 non
880 1815 916 1882 in
939 1819 1121 1906 conspicuo

68 1901 183 1987 aliquo
204 1903 280 1968 loeo
301 1905 412 1984 situm,
427 1924 536 1989 neque
553 1901 642 1967 iuxta
661 1899 806 1990 aliquam
822 1925 893 1969 rem
908 1903 1122 1988 collocatum,

68 1988 130 2052 sed
157 2012 175 2053 a
203 1987 278 2068 loco
311 1989 421 2076 aliquo
444 1999 630 2068 remotum,
667 1987 758 2074 quasi
787 1985 827 2054 ab
859 2011 900 2053 ec
923 1989 1122 2078 procedens.

68 2075 184 2154 Quare
197 2075 417 2162 componitur
434 2096 509 2139 cum
532 2071 725 2140 nominibus
754 2095 815 2161 per
839 2076 1122 2164 praepositionem
1152 2091 1155 2100 '

68 2182 105 2224 a.
149 2159 260 2226 Livius
276 2159 379 2248 etqui
395 2169 474 2259 post
489 2180 565 2224 eum
582 2159 735 2225 vixerunt
749 2159 932 2226 omiserunt
949 2163 1123 2250 praeposi·

67 2248 218 2326 tionem,
236 2267 332 2334 saepe
348 2269 365 2310 a
379 2245 519 2311 librariis
534 2265 649 2310 rursus
667 2244 835 2310 odientem.
873 2245 1024 2312 Fortasse
1039 2269 1123 2338 pce·

66 2341 123 2396 tae
140 2341 255 2409 erent,
278 2333 334 2418 qui
350 2329 451 2419 primi
467 2327 653 2415 simplicem
668 2329 843 2394 ablativum
861 2343 1036 2416 ponerent.
1062 2333 1123 2398 Ci-

68 2437 150 2480 cero
167 2417 255 2482 enim
273 2437 434 2502 nusquam
449 2415 494 2478 ita
514 2414 747 2498 inquinasset,
767 2415 829 2479 nisi
852 2416 887 2479 in
901 2416 1038 2492 Arateis,
1063 2417 1122 2482 sed

66 2502 207 2568 Ennius.
248 2501 410 2568 Distentis
429 2509 538 2564 autem
562 2498 617 2564 illu
640 2520 752 2563 rerum
779 2522 846 2564 oon
873 2511 995 2566 certam
1021 2501 1123 2568 habet

64 2608 281 2669 mensnram,
303 2589 369 2652 sire
384 2587 493 2652 maior
510 2593 577 2666 est,
604 2583 672 2648 sive
695 2587 826 2650 minor:
859 2583 928 2671 ipso
953 2587 1041 2666 enim
1066 2610 1123 2654 re-

64 2673 180 2740 motio
197 2684 245 2739 est
260 2695 357 2758 quam
374 2681 573 2758 spectemus.
604 2668 743 2736 Glossae
763 2671 804 2736 H.
830 2669 1008 2756 Stephonir
1034 2693 1122 2771 pro-

66 2757 145 2835 cul.
177 2758 263 2844 ἐγγὺς
290 2759 341 2822 eol
370 2754 506 2840 μακρὰν,
540 2756 590 2820 καὶ
607 2751 778 2840 addendes.
829 2754 987 2822 Germani
1009 2757 1124 2823 dicunt

55 2842 168 2935 seru,
191 2843 228 2908 iu
250 2841 312 2911 der
332 2842 456 2910 Ferus.
499 2841 672 2906 Contraria
690 2849 769 2906 suut
792 2839 947 2907 voeabula
970 2843 1123 2908 eominus

66 2941 104 2994 et
125 2929 226 3000 iusso
239 2938 271 2994 et
284 2951 405 3016 prope,
428 2927 535 2992 simile
550 2951 568 2993 e
582 2926 779 3014 longinquo,
800 2949 869 3014 quo
887 2939 999 2995 temen
1017 2931 1124 2996 maior

65 3015 229 3083 distantia
250 3035 363 3080 rerum
384 3023 530 3078 notatur.
576 3012 640 3078 Sed
657 3014 853 3101 interpretes
875 3012 932 3078 ubi
954 3037 1021 3080 noo
1048 3039 1123 3081 ma·

65 3123 175 3188 gnam
202 3121 272 3166 esse
298 3099 486 3164 distantiam
511 3096 677 3178 viderant,
710 3098 820 3182 ipsum
843 3099 968 3186 procul
994 3099 1123 3188 signifi-

66 3207 152 3252 care
172 3186 320 3251 dicebant
328 3207 452 3272 prope.
498 3183 678 3250 Burmann.
694 3185 733 3248 ed
749 3185 870 3250 Lucan.
885 3189 916 3264 8,
939 3189 1014 3252 757.
1037 3187 1123 3252 Dra·-

64 3269 264 3342 kenborch.
295 3271 330 3337 in
353 3269 525 3334 Observat.
553 3268 690 3336 Miscell.
716 3269 760 3336 T.
785 3276 814 3338 1.
837 3295 870 3359 p.
890 3275 965 3338 386.
988 3281 1020 3335 et
1047 3283 1123 3340 aute

65 3379 134 3424 ecs
160 3356 340 3421 Palmerius
359 3354 627 3442 in.Spicileg.'p.
643 3358 715 3420 782.
767 3355 879 3422 Servio
900 3357 1123 3440 crediderunt,
1205 3408 1210 3421 ,

95 3441 134 3506 ui
145 3441 184 3506 sd
199 3441 315 3529 Virgil.
328 3444 407 3506 Aen.
422 3444 454 3521 6,
468 3446 519 3509 to.
535 3441 683 3528 scripsit:
702 3439 874 3528 duplicem
887 3438 990 3508 tabet
1007 3442 1039 3506 si
1064 3444 1123 3510 ni·

52 3466 274 3619 stitutionem
288 3538 322 3592 et
338 3525 437 3590 iaxta
460 3537 493 3592 et
516 3526 627 3613 longe.
675 3524 714 3590 Id
735 3549 813 3593 vero
837 3528 975 3594 omnino
999 3466 1123 3596 folium

65 3625 138 3682 est.
184 3615 421 3697 Quaecumque
445 3612 533 3676 enim
553 3635 624 3687 res,
677 3632 737 3677 uae
766 3613 884 3702 procul
903 3635 973 3681 esse
994 3615 1123 3695 dicitur,

65 3699 274 3786 interposito
305 3696 508 3784 disiungitur·
534 3634 722 3774 intervallo,
759 3700 847 3786 quod
874 3719 1122 3788 cenomagnum

65 3805 148 3850 esse
164 3795 283 3870 potest.
328 3782 484 3872 Germani
500 3783 538 3848 in
553 3781 686 3870 einiger
700 3781 925 3876 Erttfernung
940 3785 1125 3876 loquuntur

29 3877 31 3882 '
65 3879 106 3938 et
128 3867 167 3933 irc
183 3869 246 3962 der
265 3867 480 3957 Umgegend.
718 3933 723 3950 ,

181 3986 243 4041 mv.
262 3987 306 4057 44,
328 3986 372 4055 85,
391 3986 433 4042 tc.
452 3987 590 4042 missilibus
605 3988 695 4058 procat
709 3988 786 4059 regio
800 3989 901 4044 comta
915 3991 1004 4046 meta
1014 4009 1125 4066 peges·
1151 4064 1154 4072 ι

107 4109 117 4126 .
148 4072 229 4126 teste
248 4074 362 4128 cossium
377 4073 497 4127 meletias
512 4081 539 4128 ct
554 4072 634 4127 tutior
654 4081 703 4126 oct
723 4091 820 4144 memo
842 4083 977 4142 ostem
997 4076 1126 4147 ligustico

147 4155 279 4214 Romanus
292 4166 355 4214 oet
390 4157 469 4253 (less.
484 4157 518 4214 B.
531 4156 601 4230 gall.
616 4155 642 4227 ⁵,
658 4155 701 4214 84.
716 4158 850 4215 Aeolios-ir
863 4161 1034 4234 processiset
1050 4159 1127 4229 isid,
