2830 4712
240 315 262 378 a
677 307 678 310 ‘
723 309 795 380 us.
862 284 879 293 ’

245 477 302 546 sed
321 479 410 567 apud
429 483 588 568 poetas.“
632 481 802 548 Corradus
823 481 867 548 in
882 481 969 566 libro
992 467 1033 541 de
1056 477 1169 564 lingua
1190 477 1303 556 latina,

190 636 197 662 .
245 576 285 630 ut
306 565 409 646 refert
436 566 591 649 Vrsinus,
613 554 739 634 addidit
761 567 812 632 his
836 567 1029 641 historicos,
1051 564 1182 652 negapit
1204 583 1303 628 usum
1400 593 1401 600 κ

246 651 435 718 Ciceronis:
452 653 668 742 ipseVrsinus
683 665 795 730 tamen
812 652 917 721 lnstit.
933 651 1033 718 Tom.
1048 653 1079 716 2.
1100 673 1134 736 p.
1149 651 1224 724 446.
1243 671 1306 714 ex·
1400 661 1401 732 j

245 738 376 825 empla,
400 760 483 824 quae
500 742 590 829 apud
608 741 860 829 probatissimos
885 749 1035 806 auctores
1059 735 1211 824 exstent,
1224 735 1305 798 imi-

181 823 186 832 ’
246 829 459 888 taticncnon
483 826 616 915 indigna
641 849 710 892 esse
736 837 856 892 censet.
898 826 1015 911 Neque
1038 825 1173 887 vitiosus
1201 821 1306 901 videri

246 919 359 999 potest
379 911 424 975 im
453 912 613 987 erativus,
644 915 702 978 sed
726 912 979 979 immodestior:
1016 918 1116 996 atque
1144 906 1229 972 hane
1259 905 1303 974 ab

247 1017 394 1062 carassam
442 996 530 1062 icero
556 998 677 1084 aliique
700 999 827 1064 urbane
851 996 983 1087 loquuti
1003 1006 1081 1059 sunt
1098 993 1191 1073 noli,
1212 1015 1304 1058 cave.

182 1150 183 1155 ,
244 1081 315 1147 Nec
335 1091 447 1147 tamen
464 1085 586 1149 comici
601 1084 835 1173 imperativum
851 1095 981 1150 tantum
1007 1081 1041 1146 iu
1063 1078 1306 1146 vehementiori

185 1223 187 1230 .
247 1167 468 1250 allocutione,
498 1169 557 1236 sed
580 1172 680 1237 etiam
703 1172 738 1237 in
770 1171 924 1260 precibus
956 1178 1055 1255 atque
1086 1164 1329 1231 obtestatione¹

244 1253 457 1344 usurpabant.

361 1375 452 1429 Plant.
474 1376 552 1436 Pers.
573 1371 599 1440 4,
614 1373 641 1442 5,
656 1373 683 1428 5.
706 1392 740 1428 ac
755 1375 826 1428 dccc.
860 1369 887 1438 4,
902 1372 929 1440 3,
945 1371 989 1425 29.
1010 1370 1070 1438 abi,
1088 1371 1218 1424 sciara:
1242 1369 1307 1423 eatis

313 1463 398 1516 creda.
433 1460 547 1515 Terent.
570 1461 655 1514 Andr.
672 1460 700 1525 2,
715 1460 741 1526 S,
756 1458 782 1513 9.
811 1476 843 1513 nc
866 1475 945 1530 naga.
979 1457 1093 1512 Pharin.
1116 1453 1142 1521 4,
1158 1454 1185 1520 3,
1200 1453 1244 1518 59,
1272 1473 1306 1508 aa
1401 1497 1402 1510 .

312 1547 407 1600 emma.
442 1547 512 1599 Eun.
534 1547 561 1611 1,
575 1545 602 1611 2,
619 1544 661 1601 15.
686 1564 717 1600 nc
733 1546 822 1600 mucia
844 1553 883 1609 tc,
905 1546 1020 1608 obsecra,
1039 1544 1124 1616 anime
1144 1543 1190 1595 mi.
1220 1539 1306 1594 oeta.

313 1631 374 1685 Art.
394 1632 454 1686 Am.
477 1631 504 1698 l,
526 1629 588 1685 tlt.
615 1651 647 1684 nc
667 1632 757 1684 dubita
778 1638 884 1684 caumas
905 1645 1030 1699 superare
1054 1627 1172 1700 puellas.¹
1205 1626 1306 1698 virgil.

312 1715 422 1782 dem,
441 1715 501 1771 292.
519 1717 656 1788 :refugite
670 1717 830 1784 hospitium,
852 1732 914 1768 neae
936 1714 1057 1785 igaarm
1077 1714 1184 1766 Βαιίποε
1198 1715 1308 1768 Saturni

313 1803 430 1872 gentem.
561 1815 564 1822 '

357 1903 419 1959 Idv.
436 1904 464 1971 t,
478 1904 507 1970 2,
523 1903 550 1958 9.
568 1905 621 1960 crit
640 1904 716 1975 :apia
731 1903 891 1976 pugnandi:
908 1918 942 1956 ac
956 1901 1052 1956 timete.

355 2004 419 2061 arv.
434 2007 479 2074 dS,
496 2007 542 2074 38,
560 2007 608 2063 ld:
622 2007 753 2062 Antistia
766 2006 826 2078 regi
839 2007 882 2059 ius
895 2023 928 2058 ac
942 2011 1005 2058 csta.
1036 2005 1142 2058 Eadem
1159 2021 1219 2073 cap.
1228 2003 1307 2071 SSJ.

360 2109 418 2163 cte.
436 2112 472 2166 de
489 2113 559 2182 lieg.
577 2111 603 2178 2,
619 2110 645 2177 9,
663 2111 708 2164 22.
723 2116 829 2180 praeter
849 2110 943 2163 idaeae
965 2110 1059 2162 matris
1076 2110 1196 2178 famulas
1215 2099 1309 2180 casque

312 2190 391 2262 iustis
406 2197 495 2251 dicim
509 2215 543 2250 ae
561 2198 619 2266 qais
634 2197 728 2268 stipem
745 2196 842 2266 cogita.
860 2221 895 2234 -
912 2195 1013 2265 impius
1035 2212 1069 2248 nc
1089 2196 1181 2248 audete
1201 2195 1310 2266 placare
1332 2229 1337 2246 .

313 2277 390 2332 danis
403 2282 472 2336 iram
482 2284 604 2336 usuram.

249 2395 316 2462 Sed
372 2423 453 2470 uum
487 2405 586 2472 ctiam
617 2425 687 2469 non
717 2425 793 2468 cum
827 2402 1039 2468 coniunctivo
1072 2411 1309 2490 componatur,
1402 2399 1403 2478 j

248 2423 493 2557 Rsmsircrnius
520 2493 672 2557 Gramm.
696 2513 731 2579 p.
763 2495 838 2555 697.
873 2487 1095 2556 differentiam
1125 2487 1211 2552 hanc
1238 2509 1310 2553 esse

250 2572 383 2640 statuit:
412 2600 482 2644 aaa
506 2577 631 2643 maiore
654 2596 732 2640 cum
755 2577 786 2642 ci
810 2598 931 2663 negare
957 2596 1057 2661 quam
1082 2591 1144 2650 nc,
1166 2572 1311 2661 ideoque
1402 2589 1403 2630 3

249 2658 380 2746 saepius
399 2684 418 2727 a
435 2665 543 2751 poetis
561 2673 594 2730 et
617 2687 635 2729 a
658 2661 877 2750 scriptoribus
898 2662 1091 2726 recentioris
1119 2660 1189 2724 aevi
1210 2680 1310 2724 tnur-

249 2745 333 2892 pari.
378 2747 473 2830 Quae
496 2755 610 2822 omnia
631 2746 713 2814 falsa
735 2759 825 2814 sunt.
876 2747 945 2813 lam
975 2745 1197 2830 Quintilianus
1225 2753 1254 2820 l,
1277 2748 1311 2825 5,

272 2833 305 2895 9.
327 2854 379 2897 ne
399 2846 433 2899 ct
454 2859 538 2901 non
560 2833 745 2900 adverbia:
766 2835 825 2921 qai
840 2846 957 2900 tamea
971 2832 1069 2897 dicat
1082 2853 1148 2918 pro
1171 2830 1232 2896 illa
1257 2855 1310 2904 ae

247 2909 416 2999 feceris
437 2944 522 2986 non
535 2915 727 3010 seceris,
758 2920 796 2984 in
812 2918 904 2985 idem
933 2917 1070 2985 incidat
1092 2917 1213 2981 citium
1232 2923 1311 2997 (so-

250 2998 436 3088 loecismi),
458 3006 539 3094 qnia
556 3005 704 3070 alterum
724 3004 882 3092 negaradi
899 3016 969 3085 est,
994 3004 1141 3070 alteram
1156 3003 1313 3069 vetandi.

252 3081 342 3152 Naa-
358 3090 447 3154 enim
472 3091 637 3178 designat,
666 3089 740 3156 ficri
763 3099 801 3154 ut
822 3114 876 3156 res
897 3091 1035 3156 nonsit.
1078 3084 1186 3154 Verba
1208 3090 1312 3177 igitur

253 3170 397 3252 Quintil.
422 3181 562 3256 1‚1‚6.
598 3199 667 3242 nan
693 3174 877 3244 adsuescat
900 3199 937 3242 er
964 3187 1002 3252 θ’,
1034 3173 1162 3240 aedium
1189 3171 1312 3264 infans

253 3256 391 3344 quidem
407 3271 476 3346 eat,
495 3261 666 3345 sermoni,
690 3261 749 3350 qui
768 3261 925 3330 dediscen
955 3284 994 3325 us
1009 3261 1073 3326 sit:
1096 3258 1176 3324 haec
1199 3260 1312 3351 expli-

254 3344 360 3411 canda
380 3356 476 3413 sunt:
497 3370 569 3413 nan
589 3347 747 3436 estquod
771 3349 948 3414 adsuescat.
993 3347 1029 3412 Si
1051 3337 1234 3434 scripsisset
1255 3370 1311 3420 ne,

251 3441 433 3582 praecepto
451 3433 629 3499 docuisset.
672 3435 870 3523 Properti,
888 3437 986 3514 8,1s.
1009 3454 1075 3498 aar:
1093 3431 1236 3516 videam
1251 3444 1312 3498 ta-

267 3539 302 3581 ca
325 3539 363 3582 aa
386 3516 500 3587 sidere
522 3531 654 3585 ventos.
679 3520 703 3585 i.
727 3542 756 3586 e.
784 3543 853 3588 non
878 3517 1036 3605 estquod
1058 3518 1199 3584 videam.
1251 3519 1313 3585 Sin
1327 3561 1342 3574 ·

253 3602 437 3693 scripsisset
460 3628 504 3671 ne
531 3604 684 3681 videam,
711 3607 903 3694 cogitasset:
938 3605 974 3670 in
999 3603 1085 3669 vatis
1117 3604 1245 3683 habeo,
1274 3613 1315 3668 ut

253 3709 325 3753 non
349 3690 490 3757 videam.
533 3694 642 3779 Atque
666 3693 764 3760 etiam
787 3693 824 3758 in
844 3692 932 3758 votis
955 3689 1163 3778 designandis
1186 3690 1231 3755 ita
1254 3689 1313 3756 los

255 3786 415 3860 quantur.
465 3775 529 3844 Sed
554 3801 597 3844 ne
621 3799 726 3868 quum
752 3779 856 3844 semel
881 3777 970 3843 facta
995 3785 1079 3841 esset
1108 3776 1313 3853 coniunctio,

257 3860 358 3958 etiam
372 3864 418 3929 ita
433 3861 622 3941 dicebatur,
642 3873 679 3930 ut
701 3863 859 3948 verbum,
881 3862 970 3929 ande
991 3859 1150 3952 penderet
1172 3873 1314 3930 senten-

255 3953 319 4031 tia,
340 3947 450 4014 omitti
465 3949 640 4018 videretur.

326 4040 332 4057 .
359 4057 451 4116 Plaut.
475 4060 537 4114 aut.
557 4057 642 4128 4,9,
657 4061 683 4117 1.
708 4076 741 4114 aa
762 4077 803 4115 me
823 4057 1095 4115 amarmomini
1124 4073 1174 4130 ega
1195 4056 1315 4126 afficiar:
1365 4075 1368 4084 ·

323 4161 417 4203 mcum.
452 4145 565 4202 Terent.
578 4146 649 4201 Ena.
662 4143 690 4213 2,
703 4145 731 4214 3,
744 4145 789 4201 st.
804 4163 895 4204 asma:
909 4163 941 4200 ac
957 4149 1015 4216 part
1029 4149 1151 4215 :auferas
1165 4144 1268 4214 culpan:
1283 4143 1315 4195 ia

701 4295 709 4336 l
