2858 4714
42 275 44 282 ’
246 276 289 346 at
335 251 337 256 ’
739 273 811 340 nn.

165 504 180 532 ,
251 463 313 515 uro
333 441 484 524 recedat,
501 424 576 508 ⁸nisi
602 441 695 530 quod
720 443 755 508 in
779 443 951 530 colloquio
982 443 1181 532 plerumque
1212 445 1313 532 aliam

250 531 462 622 rogationem
486 528 627 616 excipite
673 528 801 612 =Quare
826 530 1021 619 intelligitur
1042 530 1132 596 ide-ni
1162 531 1314 610 verbum,

249 616 342 706 quod
366 625 442 680 ante
466 613 594 683 dietum
618 626 697 680 erat.
740 615 1034 704 Exprimiturvel
1059 616 1315 685 admirationi

136 772 142 780 ,
197 729 210 738 “
250 701 447 790 indignatio.

365 819 480 876 Terent.
497 819 601 873 Heeub
615 818 641 885 3,
658 817 686 884 3,
703 817 746 875 48.
767 821 830 890 quid
845 837 914 872 aune
922 825 1017 889 faeere
1035 821 1158 891 suffitus?
1175 839 1218 878 nr.
1240 823 1314 895 Egn-

317 905 373 958 aet
407 905 468 960 Cic.
487 905 521 957 de
539 903 607 973 neg.
630 903 716 970 ala,
732 903 776 958 32.
800 906 850 958 trae
873 912 902 958 tu
924 905 956 957 de
975 920 1018 972 re,
1037 925 1149 976 quaero,
1169 909 1234 978 quid
1253 925 1315 961 ren-

319 988 395 1042 tiua?
424 1005 457 1046 rr.
484 988 604 1060 Egone?
637 991 833 1044 Divinationem
850 1007 903 1042 esee
918 1006 1013 1043 censeo.
1048 991 1082 1044 de
1095 993 1158 1046 Net-
1174 993 1200 1079 d.
1214 992 1276 1058 33,
1286 991 1314 1046 8.

309 1074 366 1150 >Vk
379 1075 482 1144 igitar,
502 1074 568 1144 quid,
583 1075 727 1142 requirar?
761 1073 879 1146 Egone?
893 1076 1008 1144 primurn
1021 1076 1088 1129 illud
1104 1085 1155 1130 ete.
1187 1077 1315 1142 deam,

320 1155 363 1226 39,
379 1157 517 1228 mutuat
534 1166 582 1222 tu,
599 1159 734 1228 Epirure?
759 1161 877 1230 laeuae:
900 1165 980 1226 putas
998 1175 1052 1211 esse
1066 1162 1145 1214 sotem
1162 1163 1315 1217 tantulum?

321 1239 437 1311 Egone?
459 1260 503 1295 aas
527 1241 631 1311 quidem
651 1243 778 1297 tantam?
804 1243 824 1295 i.
847 1259 872 1296 e.
899 1259 932 1294 ex
954 1260 999 1296 me
1016 1243 1069 1296 hoe
1091 1246 1246 1315 quaeritis?
1280 1248 1316 1300 de

321 1325 385 1378 rin.
399 1323 426 1389 3,
443 1325 469 1390 3,
486 1325 530 1379 11.
556 1328 588 1378 de
604 1328 694 1394 autoris
714 1329 788 1398 cupis
812 1329 892 1393 seire,
918 1329 982 1396 quid
1000 1331 1102 1383 sentius.
1138 1326 1256 1402 Egone?
1273 1333 1316 1386 in-

320 1411 396 1479 quit,
413 1405 475 1480 qaid
489 1409 624 1465 seatium?
658 1411 790 1468 Extrema
804 1413 878 1468 haee
893 1414 979 1467 verbe
992 1419 1023 1467 nt
1037 1414 1216 1482 sanciamus,
1237 1419 1315 1472 nullu

323 1500 367 1549 ert
388 1511 493 1548 caussa.
696 1501 698 1511 '

272 1585 278 1600 ’
358 1596 556 1672 eraserint.
578 1595 605 1660 3,
627 1595 653 1661 1,
675 1595 719 1648 29.
754 1595 818 1665 quid
851 1615 921 1654 nune
941 1599 1098 1669 faciendum
1124 1601 1232 1654 cenem?
1266 1619 1316 1656 un.

322 1681 424 1750 Egon?
443 1683 520 1751 ‘quid
541 1679 680 1734 asareem?
713 1679 740 1744 3,
760 1681 785 1747 l,
803 1679 864 1736 103.
896 1687 938 1738 die
959 1686 1146 1750 tardaturum,
1176 1694 1205 1740 ut
1225 1689 1316 1742 obeat.

322 1781 371 1818 ru.
388 1767 470 1835 Egon
488 1767 574 1818 dicam
591 1765 678 1818 dere?
712 1781 762 1816 rr.
796 1767 856 1820 Dic.
889 1786 938 1822 ru.
968 1764 1086 1838 Egone?
1108 1768 1184 1822 Asin.
1201 1768 1228 1834 4,
1244 1770 1271 1835 2,
1288 1772 1316 1832 lg

323 1869 392 1922 egon
412 1851 478 1903 bueo
497 1839 612 1921 patiar?
642 1850 729 1903 Mero.
753 1849 780 1916 2,
794 1849 821 1916 3,
839 1849 884 1906 45.
904 1869 975 1906 nuno
996 1861 1027 1906 tu
1047 1871 1105 1920 me,
1123 1856 1215 1922 eredo,
1235 1858 1316 1911 caset-

322 1951 388 2006 gore
404 1935 514 2006 rogitare.
550 1951 596 1988 nv.
630 1935 775 2004 ligante?
815 1948 816 1951 ’
866 1961 868 1966 ·

329 2037 332 2046 ’
358 2037 456 2090 Senee.
477 2037 550 2091 Med.
574 2033 635 2090 893.
655 2055 724 2108 egon
748 2044 778 2090 ut
799 2037 940 2092 recedam?
973 2037 1036 2093 929.
1059 2057 1128 2112 egon
1147 2047 1178 2095 nt
1199 2057 1315 2094 meorum

321 2123 430 2176 literam
446 2141 478 2175 ue
490 2124 573 2194 protis
589 2140 661 2176 meae
671 2124 792 2190 fundam
807 2123 948 2177 eruorem?

249 2284 253 2302 ι
341 2248 391 2313 14.
422 2246 489 2311 Vix
506 2265 628 2330 operae
645 2245 792 2331 pretium
809 2254 858 2310 est
881 2243 1027 2311 refutare
1043 2267 1160 2312 eorum
1177 2246 1316 2333 opinio-

253 2355 356 2414 nem,
386 2331 463 2417 quit
498 2332 555 2397 ubi
582 2331 880 2416 interrogationem
909 2317 1124 2422 nonbndtflta
1155 2333 1317 2420 particula

253 2420 437 2485 formatum
454 2417 617 2498 viderunt,
640 2425 683 2481 rte
697 2419 858 2481 omissum
877 2428 1083 2482 censuerunt.
1129 2418 1209 2484 Vide
1226 2419 1315 2482 Cor-

253 2505 535 2570 tiumadLuean.
556 2505 681 2582 5‚569.
706 2507 826 2582 1,’366.
857 2505 1019 2568 Goereuz.
1044 2505 1085 2568 ad
1103 2505 1172 2568 Cle.
1187 2504 1228 2567 de
1243 2503 1316 2569 tin.
1348 2569 1350 2574 ,
1427 2535 1428 2566 t

255 2591 285 2669 1,
303 2595 333 2664 8,
351 2595 404 2656 28.
430 2596 460 2670 2,
476 2595 528 2672 26,
546 2593 600 2654 88.
643 2585 733 2652 Bene
760 2588 943 2670 observavit
969 2590 1144 2676 Zumptius
1166 2591 1202 2654 in
1225 2591 1314 2654 notis

253 2677 512 2743 udCie.Ve1·rin.
533 2699 567 2762 p.
586 2677 661 2739 783.
678 2685 711 2737 et
731 2698 765 2761 p.
784 2679 858 2740 938.
882 2675 938 2740 ubi
952 2675 994 2738 ab
1013 2676 1171 2740 initio-ne
1187 2673 1316 2742 dietum

199 2773 206 2780 '
252 2763 312 2843 eit,
344 2763 377 2827 id
401 2784 468 2826 non
491 2763 612 2826 iterum
636 2759 711 2823 addi
736 2761 771 2824 in
795 2761 928 2846 reliquis
952 2761 1132 2825 sententiae
1156 2760 1314 2846 partibus.
1426 2825 1427 2854 ζ

252 2849 338 2913 Vide
360 2848 430 2912 Cio.
454 2847 489 2911 in
512 2849 608 2916 Verr·
635 2849 666 2920 5,
687 2848 830 2920 58,148.
860 2848 1008 2923 47,.123.
1046 2850 1195 2926 00,,157.
1247 2847 1315 2911 Sed

253 2933 295 3000 ad
318 2932 537 2997 adiiciendum
558 2929 744 2997 encliticam
767 2953 839 2994 non
864 2933 978 2996 omnia
1003 2931 1162 2996 voeabula
1190 2932 1315 2998 Latinis
1425 2905 1427 2942 9

253 3028 329 3118 apta
354 3017 562 3082 videbantur.
601 3015 688 3079 Nam
713 3025 749 3078 ut
775 3035 896 3080 sonum
920 3013 1098 3082 redderent
1116 3018 1315 3096 suaviorem,
1426 3095 1427 3105 ἵ

252 3127 287 3170 m
303 3089 505 3190 quibusdaim
522 3105 730 3166 inseruerunt
743 3099 872 3165 literam
891 3103 1020 3188 iatque
1040 3102 1198 3168 dixerunt
1220 3103 1314 3166 taisi-

252 3213 307 3270 ue,
323 3188 469 3265 intirim,
485 3188 526 3251 de
543 3186 660 3274 quibus
676 3185 749 3250 vide
762 3185 861 3252 Tom.
877 3192 912 3254 3.
933 3210 968 3277 p.
977 3191 1030 3252 83.
1048 3198 1081 3252 et
1096 3191 1173 3254 462.
1201 3187 1314 3252 Num·
1425 3251 1426 3276 ¹

254 3297 355 3362 quam
379 3273 534 3338 adhaeret
559 3295 602 3336 ne
631 3271 953 3360 praepositionibusa
975 3294 1069 3422 guae
1093 3294 1159 3338 una
1184 3273 1316 3361 syllaba
1425 3277 1426 3344 j

255 3370 426 3428 constant:
450 3360 537 3424 unde
554 3359 591 3423 in
605 3367 770 3422 nostrane
784 3369 966 3444 potestate

1003 3360 1044 3426 ie.
1060 3357 1101 3423 de
1116 3357 1186 3425 Fin.
1206 3365 1239 3440 2,
1256 3365 1313 3436 32,
1425 3357 1426 3432 ]

255 3449 329 3514 104.
347 3443 396 3510 acl
410 3467 576 3532 corpusne
596 3441 731 3533 resera?
752 3443 854 3521 2,·33,
871 3449 944 3508 107.
967 3455 1152 3531 numquam
1178 3465 1315 3531 prono·-
1424 3437 1426 3462 ¹

252 3531 592 3686 Vndnibuldbncmim
638 3527 721 3595 Vide
740 3529 903 3595 Wunder.
923 3527 1051 3597 advGie.
1069 3552 1106 3620 p.
1123 3530 1236 3598 Plane.
1254 3535 1312 3614 31,
1424 3595 1425 3634 ἢ

298 3640 363 3708 .ρ.
444 3659 454 3684 .

337 3769 380 3836 ΙΙ.
418 3779 448 3838 1.
476 3769 526 3836 De
557 3767 836 3855 interrogatione,
874 3789 959 3856 quse
1001 3767 1127 3834 duabus
1189 3767 1316 3834 artibus
1424 3769 1425 3804 l

255 3863 400 3937 constat,
431 3866 463 3922 et
487 3877 548 3942 per
567 3878 610 3920 ne
628 3861 661 3919 et
687 3877 735 3919 ura
759 3855 963 3942 designatur,
987 3854 1130 3920 diximus
1155 3791 1258 3920 'Pom
1285 3862 1317 3920 1.
1423 3883 1424 3890 ¹

253 3967 290 4030 p.
304 3947 380 4009 384.
397 3953 429 4008 et
448 3947 523 4008 337.
566 3940 603 4005 ln
621 3963 658 4004 ea
675 3963 719 4005 ne
735 3951 767 4006 et
790 3940 897 4028 ipsum
921 3940 1162 4007 dubitationem
1183 3937 1317 4028 signifi·
1422 3931 1424 3980 ¹

254 4039 307 4092 eat
335 4040 368 4094 et
399 4049 479 4094 osen
506 4035 593 4090 atam
618 4025 669 4093 vel
695 4027 809 4091 aientia
834 4027 884 4091 vel
917 4029 1070 4111 negantis
1102 4025 1317 4091 sententiam.

254 4114 470 4203 Herzogiuaa
509 4112 643 4180 Sallust.
657 4113 730 4180 Cat.
748 4117 802 4198 52,
818 4118 870 4182 10.
891 4113 1041 4194 monuit,
1066 4111 1201 4200 quando
1220 4111 1316 4200 prius
1356 4206 1358 4214 Ι
