2858 4714
1219 167 1224 198 ,
1254 172 1257 178 ,

224 245 287 316 152
430 283 431 286 κ
529 296 534 302 .
618 247 833 343 ⁸nuuvar.

271 413 382 484 '‘Taclt.
397 395 471 470 utet.
494 415 529 468 de
545 413 621 470 Oret.
643 414 687 472 16.
704 421 810 486 quaudo
831 420 901 474 mian
927 421 1122 474 rarissimarum
1147 421 1282 476 recitatio-

291 517 355 552 aum
365 506 447 569 sama
460 502 488 554 iu
504 509 589 560 totam
604 504 696 570 urbem
711 507 854 574 penetrat?
870 507 966 560 medum
984 516 1015 562 ut
1027 513 1127 579 pentat
1137 508 1283 577 provincias
1309 570 1313 584 Ι

235 608 240 617 =
290 583 448 640 innoteseat.
555 594 559 600 ’

308 735 340 800 6.
371 733 408 800 In
426 735 622 804 affirmativa
641 739 802 815 sententia
828 739 961 805 additur
983 761 1043 826 per
1068 741 1196 808 nedum
1221 763 1307 820 res·

226 838 308 903 quae
325 841 429 906 quum
444 845 507 910 per
529 846 565 888 se
588 833 676 889 certa
702 835 758 888 aut
783 827 957 914 perspicua
980 827 1041 906 sit,
1064 850 1107 893 ne
1127 828 1283 893 conside·
1370 849 1371 856 ¹

222 905 292 970 'rari
317 907 453 993 quidem
480 907 587 974 debet.
630 907 698 974 Sed
725 921 836 989 crant,
864 914 939 998 qui,
965 924 1136 978 auctorem
1161 914 1285 980 Manu-

224 990 309 1055 tium
325 995 475 1080 sequuti,
498 1018 516 1059 a
533 995 692 1060 Cicerone
710 995 836 1061 nedum
851 1019 1018 1085 nusquam
1040 1001 1186 1085 positum
1205 1023 1284 1082 cese,

225 1076 289 1140 nisi
304 1081 521 1165 praecedente
538 1081 733 1168 negatione,
756 1081 932 1162 docerent,
955 1084 1116 1169 ideoque,
1140 1085 1196 1148 ubi
1214 1109 1285 1150 non

226 1182 381 1253 expressa
406 1177 509 1250 esset,
539 1176 661 1230 tectam
686 1167 829 1254 aliquam
853 1169 1063 1256 negationem
1093 1171 1129 1233 in
1152 1177 1285 1236 antece·¹

229 1247 383 1316 dentibus
400 1253 506 1318 verbis
523 1264 765 1342 supponerent.
793 1255 851 1318 «At
867 1267 986 1319 natura
1002 1255 1180 1344 particulae
1197 1268 1286 1322 recte

227 1347 405 1482 perspecta
429 1339 556 1404 nullam
580 1338 721 1412 omnino
753 1339 1003 1430 ambiguitatem
1027 1340 1159 1406 subesse
1190 1353 1287 1430 puta-

249 1443 348 1488 rmus.
460 1457 464 1466 ·
903 1450 905 1456 ’

341 1542 399 1600 Cic.
414 1545 449 1600 ad
462 1547 541 1599 Fam.
558 1543 585 1610 7,
600 1543 646 1609 26,
665 1542 692 1596 1.
711 1549 768 1596 erat
788 1543 856 1596 enim
878 1543 961 1598 madio
974 1545 1133 1601 domicilium
1149 1546 1225 1598 tulus
1239 1565 1287 1601 ur·

270 1691 279 1704 s
297 1629 336 1683 bia
353 1627 389 1672 ὲ-
407 1633 497 1702 aptius
515 1628 679 1684 humanitati
699 1634 724 1680 et
745 1629 872 1682 suavitati
885 1636 964 1698 tuae,
982 1646 1062 1699 quam
1082 1637 1137 1688 tota
1160 1633 1287 1703 Pelopon-

297 1717 389 1782 ueena,
406 1718 501 1770 nedum
517 1718 626 1770 Patrae.
660 1713 692 1766 ln
709 1713 763 1764 boc
781 1714 894 1782 quidem
916 1717 977 1768 loco
1000 1713 1117 1784 cogitari
1138 1723 1225 1781 potest
1245 1724 1288 1771 to-

298 1803 357 1852 tum
374 1801 592 1869 Peloponnesum
613 1815 668 1851 non
683 1802 776 1866 aptum
796 1799 892 1855 fuisse.
914 1797 981 1852 ,Sed
1002 1799 1130 1870 intellige
1147 1803 1287 1870 ardicam,

227 1892 229 1894 ’
297 1899 373 1952 ganz
391 1887 539 1956 obgeecbca
553 1871 603 1938 aaa
619 1885 650 1937 Ρ.
684 1881 874 1938 Salluntum.
889 1883 935 1948 11,
951 1883 978 1938 ⁸.
996 1885 1091 1955 quippe
1104 1889 1231 1941 secundae
1246 1907 1289 1943 ree

299 1971 458 2038 capientium
474 1971 726 2040 auimossotigaat‚
744 1970 841 2022 nedum
859 1969 901 2022 illi
923 1972 1053 2040 corruptio
1074 1971 1186 2022 moribus
1205 1975 1289 2028 uicto.-

299 2053 357 2107 riae
377 2062 529 2133 temperarat.
563 2055 626 2110 niv.
647 2054 690 2120 1⁰,
703 2050 790 2118 62,4.
815 2055 859 2106 abi
881 2061 907 2108 et
929 2056 1044 2120 intrare,
1068 2056 1163 2106 nedum
1183 2065 1289 2112 uastare

300 2137 353 2208 ipsi
373 2139 531 2194 Samnitium
546 2157 645 2211 ugrum
659 2193 662 2198 ,
667 2141 872 2210 prohiberentur.
905 2138 1148 2192 Drakenborcbiue
1158 2135 1288 2210 negatio-

300 2239 365 2278 nem
378 2225 406 2280 in
423 2227 556 2298 probibere
569 2223 706 2280 conditam
725 2226 834 2280 coluere
848 2223 940 2288 iubet,
960 2228 991 2277 ut
1004 2223 1056 2286 site
1072 2240 1125 2281 uon
1141 2226 1287 2294 permitte·
1322 2219 1324 2230 '

286 2317 398 2366 'rentur'
418 2313 539 2378 intraret
556 2311 656 2364 nedum
673 2315 793 2363 vestare.
829 2307 932 2377 Quidni
955 2307 1174 2376 asentiabare,
1192 2329 1227 2364 ne
1241 2313 1287 2366 di-

302 2411 364 2450 ounr
388 2404 515 2464 vertare,
548 2396 782 2466 prohiberentur?
815 2393 860 2459 28,
876 2392 978 2460 4t,11.
1005 2395 1079 2448 rebus
1102 2413 1181 2464 qaam
1203 2399 1290 2452 verbis

202 2527 208 2544 ,
261 2488 265 2498 '
301 2485 401 2550 meaos·
421 2485 521 2548 malui,
541 2491 588 2549 ut,
616 2477 662 2552 'qui
682 2475 793 2536 aliorum
814 2482 912 2535 iudicio
940 2479 1007 2533 milri
1027 2487 1195 2549 comparatus
1222 2489 1289 2548 erat,

301 2581 351 2618 rua
372 2585 432 2621 moa
455 2569 612 2638 confessicae
635 2585 676 2620 me
698 2568 747 2620 eibi
770 2571 936 2636 praeferret:
951 2567 1047 2620 uadum
1069 2582 1120 2635 ego
1137 2571 1290 2637 perfunctus

302 2650 440 2708 boamibua
458 2655 602 2708 conamina
618 2653 684 2706 milti
700 2660 778 2721 atque
792 2653 976 2706 aemulationes
990 2668 1047 2704 cum
1067 2653 1228 2708 adolemmte
1236 2657 1290 2722 flc-

302 2739 451 2794 reatiaeimo
463 2739 619 2809 properium.
656 2738 747 2792 Tacit.
760 2737 829 2790 dnn.
845 2735 889 2802 la,
900 2736 943 2790 26.
961 2738 1007 2789 aad
1024 2736 1180 2804 missamque,
1197 2741 1290 2794 uadum

301 2825 423 2892 parenti,
439 2825 614 2893 desectionem
628 2825 802 2878 tribuendam.
837 2822 882 2886 13,
898 2819 942 2880 68.
976 2820 1050 2874 Hist.
1069 2819 1097 2886 6,
1114 2820 1157 2876 66.

320 2982 352 3045 6.
375 2979 446 3045 Hac
462 2980 592 3047 ratione
616 2989 757 3068 possunt
779 2980 941 3066 componi
959 2976 1042 3042 duae
1057 2999 1127 3060 res,
1149 2977 1290 3066 quarum

237 3063 337 3130 altera
355 3067 461 3133 multo
487 3067 592 3154 magis
611 3067 715 3149 valet,
733 3075 789 3142 ut,
812 3067 906 3130 omni
928 3063 1132 3128 dubitatione
1150 3077 1290 3144 exemto,

235 3171 279 3216 ne
295 3150 524 3238 designatione
544 3152 682 3239 quidem
699 3173 785 3239 opus
811 3174 880 3216 esse
901 3150 1058 3216 videatur.
1101 3150 1152 3214 lta
1175 3151 1232 3229 lit,
1254 3163 1292 3216 ut

236 3237 363 3304 nedum
378 3240 543 3326 exprimat
559 3237 666 3303 multo
689 3237 817 3325 magis.
861 3237 972 3302 Prima
995 3257 1033 3300 re
1057 3237 1290 3324 posticariam

127 3341 132 3346 ’
174 3349 178 3359 ’
237 3325 502 3412 alteraponitur.
548 3327 654 3412 Atque
671 3323 877 3388 collocantur
892 3322 928 3386 in
949 3321 1075 3387 duabus
1090 3323 1291 3387 enuntiatio-

235 3413 287 3476 nis
301 3413 453 3501 partibus
476 3410 576 3476 verba
604 3411 711 3476 etiam
725 3447 769 3459 -
787 3407 932 3486 nedum,
953 3429 1080 3495 quoque
1096 3445 1138 3458 -
1153 3407 1290 3484 aeduam,

171 3560 175 3570 .
234 3510 384 3586 ⁸quorum
402 3496 556 3585 exempla
576 3495 650 3562 vide
672 3497 703 3562 T
707 3518 775 3560 om.
791 3501 823 3560 2.
843 3517 876 3583 p.
893 3496 968 3560 563.
992 3493 1044 3558 vel
1056 3529 1097 3544 -
1112 3491 1250 3557 nedum.

352 3634 467 3704 Quintil.
490 3633 534 3701 12,
550 3633 577 3699 1,
591 3633 636 3688 68.
666 3651 700 3692 ,αα
721 3634 836 3703 primum
857 3633 993 3684 eouoadoat
1016 3629 1081 3683 mibi
1105 3646 1190 3682 amaea
1215 3648 1292 3698 opor·

307 3727 363 3786 tet,
378 3750 412 3761 -
424 3728 565 3791 facturum
580 3719 724 3789 aliquando
737 3719 825 3770 airum
848 3715 960 3780 bouum,
979 3721 1008 3767 ut
1024 3715 1190 3767 mendacium
1211 3716 1292 3782 dieat,

305 3813 330 3860 et
344 3807 447 3874 quidem
464 3822 662 3874 nonnumquam
676 3804 812 3856 leuioribus
828 3803 939 3867 samaia,
959 3808 990 3855 ut
1004 3802 1037 3854 iu.
1045 3802 1133 3870 pueris
1149 3809 1294 3870 aegrotan-

305 3892 373 3945 tibus
389 3892 516 3944 utilitatis
530 3908 619 3945 eorum
631 3890 726 3960 gratio
743 3889 827 3942 multa
834 3888 966 3957 fingimur
980 3889 1030 3952 -',
1048 3888 1145 3941 uadum
1160 3887 1184 3940 ei
1199 3889 1233 3940 ab
1248 3889 1294 3940 lto-
1310 3937 1323 3962 x

279 4041 282 4044 ,
305 3977 373 4030 miae
386 3977 525 4031 accidendo
538 3965 675 4048 grassator
688 3975 843 4028 ouertmdm
859 3974 903 4026 sit.

351 4093 463 4149 Sueten.
482 4095 574 4152 Galla..
585 4093 701 4166 baguae
715 4094 841 4150 maritam
861 4109 962 4180 guoque
983 4093 1086 4164 aditae,
1104 4093 1200 4148 aedem
1216 4091 1294 4144 toali-
1344 4090 1347 4100 '
