2894 4716
262 259 328 336 211
731 262 830 334 NISI.
948 190 954 214 l

365 423 426 492 cte.
447 451 475 505 p.
497 433 558 488 1111.
578 433 605 500 8,
627 431 653 490 8.
677 453 714 490 aa
733 443 772 490 cat
793 436 947 506 qabqrcm,
964 437 1011 507 qni
1030 398 1199 508 8001ςο0101
1212 467 1248 478 -
1262 448 1311 496 act

266 567 271 576 .
328 523 426 593 negari
446 521 527 574 001000
546 515 649 572 obuiae
674 535 728 572 esse
742 525 862 588 scateam,
881 529 929 576 cat
944 529 1010 578 reue
1028 541 1060 576 ac
1071 523 1242 589 inresectum
1257 543 1312 579 em

327 604 453 676 defendi?
488 605 548 657 Nisi
561 622 621 656 uero
635 605 799 669 existimatis,
823 605 966 660 dcmcuteru
983 609 1070 676 sainte
1085 611 1309 677 Africaqcmcic.

327 691 372 758 811,
383 691 428 744 81.
462 688 506 755 88,
522 689 566 742 91.
592 705 619 757 p.
642 688 724 743 Sulla
743 687 769 756 a,
786 688 831 744 28.

348 818 399 883 15.
441 815 479 880 Id
511 815 602 904 quod
630 826 725 880 antea
752 813 835 895 dixi,
867 811 1021 879 accedere
1056 815 1109 882 vel
1130 816 1310 885 adhaerere

259 903 456 969 sententiam
487 902 637 990 pernisi
663 900 862 979 formatam,
904 901 1115 988 cognoscitur
1143 925 1195 982 eo,
1218 905 1308 990 quod

260 989 425 1054 eiusmodi
445 988 606 1052 sententia
627 985 832 1051 antecedenti
847 988 1043 1072 opponitur,
1060 999 1093 1052 et
1115 987 1205 1074 quod
1229 991 1307 1055 haec

260 1075 449 1139 coniunctio
482 1074 701 1162 componitur
735 1094 811 1136 curn
838 1071 908 1135 aliis
937 1072 1029 1159 qnia,
1070 1075 1170 1159 quod,
1194 1097 1307 1160 quarm,

259 1171 387 1224 etcum
410 1171 538 1224 tamen.
579 1159 618 1222 ln
640 1160 788 1222 hisvero
812 1158 983 1221 structuris
1015 1178 1118 1243 quum
1142 1183 1213 1224 non
1237 1172 1307 1224 sta-

258 1247 318 1312 tim
344 1256 530 1332 appareret,
563 1267 630 1331 quo
664 1241 780 1308 referri
814 1242 946 1307 deberet
975 1243 1054 1321 nisi,
1084 1243 1249 1310 Manutius
1274 1259 1307 1311 et

259 1332 316 1420 qui
333 1353 408 1395 eum
425 1332 657 1418 sequebantur,
674 1328 1078 1394 VechnerusHellenolex.
1095 1335 1126 1402 2,
1143 1336 1173 1394 3.
1184 1355 1217 1416 p.
1231 1333 1306 1399 1125.

258 1429 291 1484 et.
313 1417 494 1482 Ruhnken.
519 1416 558 1482 ad
581 1417 719 1482 Terent.
743 1414 845 1480 Andr.
868 1413 949 1496 4,1‚
973 1415 1023 1476 40.
1052 1413 1306 1484 Drakenborch.

259 1503 299 1568 ad
324 1503 394 1569 Liv.
419 1503 472 1584 24,
495 1508 548 1582 20,
573 1509 621 1568 10.
665 1501 871 1566 Schwarzius
904 1498 944 1562 ad
973 1498 1055 1562 Plin.
1084 1501 1161 1566 Pan.
1190 1507 1243 1576 86,
1271 1504 1304 1570 5.

258 1587 477 1678 Oudendorp.
497 1589 536 1652 ad
560 1587 688 1672 Apulei.
709 1588 787 1652 Met.
809 1610 843 1674 p.
864 1587 939 1650 283.
982 1583 1135 1648 Dukerus
1157 1587 1197 1651 ad
1215 1587 1305 1655 Flor.

260 1681 290 1751 1,
312 1682 367 1756 22,
399 1679 431 1740 3.
477 1674 633 1738 Walther
655 1671 695 1736 ad
716 1671 824 1736 Tacit.
849 1674 933 1734 Arm.
962 1674 990 1739 1.
1021 1675 1074 1736 33.
1097 1671 1217 1760 aliique
1241 1673 1305 1738 do-

257 1771 396 1826 cuerunt
420 1783 480 1847 pro
503 1759 575 1840 sed,
597 1770 752 1823 attamen
768 1755 866 1843 ponit
892 1757 944 1819 alii
962 1755 1140 1840 elliptiaam
1159 1781 1228 1828 esse
1250 1760 1306 1824 di·
1366 1756 1371 1771 ¹

184 1849 187 1862 ’
257 1847 351 1911 cendi
382 1844 529 1910 formam
561 1845 812 1918 existimarunt,
858 1843 947 1907 velut
976 1839 1071 1906 Fabri
1104 1843 1143 1908 ad
1175 1845 1306 1913 Sallust.

13 2003 15 2014 Ι
189 1971 191 1975 -
256 1931 326 2020 lug.
351 1933 403 2010 24,
426 1931 457 1997 5.
500 1929 674 1994 Walcbius
694 1927 733 1992 ad
754 1927 861 1993 Taciti
881 1928 958 2015 Agr.
989 1949 1023 2014 p.
1046 1927 1119 1992 154.
1163 1930 1305 1998 Rotbius

124 2030 129 2041 '
256 2039 292 2106 p.
314 2019 408 2082 255.:
430 2016 578 2080 Kritzius
603 2038 682 2079 vero
705 2015 907 2078 attractionis
930 2012 1070 2100 quadam
1101 2015 1133 2080 vi
1156 2013 1224 2080 fieri
1250 2018 1304 2082 di-

257 2105 311 2180 cit,
334 2114 371 2166 ut
403 2101 473 2166 nisi
489 2123 557 2165 non
580 2115 656 2164 cum
683 2099 797 2178 verbo,
832 2099 923 2185 quod
951 2099 1092 2185 negandi
1120 2101 1220 2166 verbo
1242 2125 1304 2166 an-

256 2187 418 2252 tecedenti
449 2187 766 2275 opponendurnsit,
799 2186 1030 2270 coniungatur,
1058 2185 1116 2249 sed
1146 2209 1220 2252 cum
1251 2211 1304 2276 eo,

256 2275 348 2362 quod
374 2295 416 2361 εις
437 2273 494 2338 1110
520 2275 642 2338 omisso
665 2281 780 2358 aptum
812 2294 881 2336 esse
910 2271 1035 2335 debeat.
1088 2271 1203 2358 ltaque
1233 2275 1304 2339 Te·

138 2392 142 2401 ’-
255 2360 354 2426 rentii
376 2360 485 2424 verbis
505 2360 590 2423 Eun.
614 2365 645 2434 3,
668 2362 700 2429 4,
723 2362 755 2422 9.
784 2381 908 2446 nequeo
938 2356 1025 2420 satis
1040 2357 1175 2433 mirari,
1198 2383 1304 2446 neque

255 2447 434 2524 coniicere,
460 2445 540 2522 nisi,
561 2443 726 2532 quidquid
741 2454 801 2523 est,
827 2443 952 2530 procul
980 2441 1059 2505 binc
1080 2441 1169 2508 lubet
1188 2448 1303 2532 prius,
1341 2470 1350 2490 ⁵

256 2531 338 2620 quiet
360 2532 416 2607 ait,
432 2531 615 2600 sciscitari.
639 2551 829 2616 expressam
850 2539 944 2614 putat
963 2529 1177 2594 sentcntiamr
1203 2555 1303 2619 pror-

254 2641 310 2682 sus
334 2616 468 2691 dubito,
493 2615 572 2704 quid
596 2619 753 2692 sentiam,
792 2617 856 2678 nisi
880 2614 944 2678 boc
970 2613 1053 2678 mibi
1085 2627 1211 2682 certum
1243 2631 1302 2698 est,
1398 2683 1400 2690 ⁴

255 2703 338 2769 mibi
361 2703 497 2782 lubere,
527 2702 688 2789 quidquid
721 2711 787 2780 est,
815 2701 982 2775 sciscitari,
1010 2699 1090 2786 quid
1113 2701 1165 2768 sit.
1210 2706 1301 2771 Arsi

254 2789 402 2854 indolem
424 2789 604 2878 particulae
628 2799 715 2853 recte
737 2796 942 2874 perspectam
967 2796 1134 2862 tenemus,
1152 2811 1220 2857 non
1238 2790 1300 2854 du.

158 2933 160 2939 .
254 2875 433 2940 bitabimus
459 2875 657 2958 simplicem
676 2875 852 2937 verborum
876 2881 1076 2936 structuram
1104 2896 1173 2938 csse
1198 2875 1299 2942 hano:

254 2982 385 3046 nequeo
419 2959 600 3024 coniicerc:
634 2981 703 3022 non
728 2977 879 3045 nequeo,
917 2957 943 3022 si
966 2959 1024 3038 (ne
1052 2958 1096 3036 si)
1126 2960 1216 3025 lubet
1237 2963 1303 3026 sci-

251 3046 375 3112 scitari.
429 3047 517 3112 Haec
546 3053 784 3132 opponuntur,
809 3056 841 3108 et
863 3043 939 3106 dum
958 3048 1183 3123 secernuntur,
1206 3069 1302 3113 cxcea
1351 3085 1354 3092 »

279 3134 326 3195 tio
358 3131 405 3197 fit.
501 3152 577 3194 uare
606 3129 701 3194 facile
727 3141 835 3216 potest
858 3129 1008 3194 substitui
1040 3131 1199 3216 particula
1229 3127 1264 3198 se
1291 3179 1313 3214 .,

254 3155 383 3281 bodem
417 3238 520 3281 moro
545 3217 662 3281 Graeci
690 3213 768 3299 πλὴν
808 3215 921 3280 dicunt
953 3215 993 3280 ‹le
1025 3216 1158 3282 diversis
1190 3219 1300 3300 rebus,

254 3301 331 3368 alias
358 3325 417 3390 per
446 3303 604 3385 μέν-δέ
633 3299 851 3391 opponendis.
910 3302 994 3368 Vide
1015 3303 1234 3384 Doederlein.¹
1260 3305 1301 3372 ad

253 3387 360 3478 Soph.
388 3389 471 3454 Oed.
497 3387 572 3452 Col.
603 3393 681 3482 76.Ι
1249 3439 1251 3446 .

358 3532 417 3586 Cic.
433 3531 468 3586 nd
482 3533 560 3586 Fam.
575 3533 622 3599 18,
639 3533 684 3599 id,
695 3530 723 3586 2.
742 3534 775 3586 de
790 3550 819 3586 re
833 3531 903 3586 ntttt
924 3549 1027 3602 possam
1047 3534 1181 3592 iudicare:
1196 3535 1302 3604 11110ἰί1-

323 3617 369 3672 tat
391 3617 458 3672 anibi
480 3628 548 3673 certe
561 3621 718 3688 persuadeo,
743 3625 768 3671 10
789 3619 869 3670 tatem
893 3619 981 3672 airam
1007 3620 1075 3672 utttt
1099 3630 1191 3674 1001010
1199 3622 1300 3688 secisse.

320 3703 580 3771 111011101011,
598 3705 645 3770 22,
668 3703 712 3756 86.
735 3709 772 3755 est
797 3719 857 3755 uera
883 3720 993 3768 causac,
1011 3722 1091 3774 qnare
1113 3723 1302 3760 0000000100-

234 3821 236 3826 ·
321 3797 431 3843 stremaa
446 3791 515 3845 later
530 3790 680 3860 gramineas
695 3805 815 3840 coronae:
832 3789 883 3840 nisi
897 3789 1016 3842 libidinis
1042 3807 1136 3846 causac
1159 3791 1304 3862 expetenda

322 3875 404 3933 alicui
421 3876 530 3931 videtur.
547 3873 567 3927 i.
586 3891 611 3926 0.
627 3890 681 3927 noa
695 3871 744 3939 ita,
773 3871 797 3926 si
818 3871 926 3927 ridetur
939 3902 984 3925 -.

340 4013 392 4075 16.
433 4007 590 4073 Formula
615 4017 665 4071 est
684 4009 798 4074 nescia
821 4029 1021 4096 nare-saepe,
1039 3990 1257 4076 nectantum
1282 4031 1302 4074 0

223 4099 231 4112 ’
256 4093 404 4175 cornicis,
422 4093 470 4160 nti
488 4092 726 4164 Westcrhcrio
746 4091 804 4184 (ad
828 4094 965 4164 Terent.
986 4095 1089 4166 Andr.
1118 4097 1152 4175 4,
1185 4101 1215 4180 1,
1230 4098 1303 4180 10.)
