2804 4722
283 263 347 338 ⁶16
723 267 900 336 rotulus:

282 439 397 504 dicunt
415 435 593 506 vietmetrr.
637 435 737 502 conf.
756 459 792 502 n.
816 443 846 504 8.
878 437 924 504 tta
947 435 985 503 tit
1006 439 1047 507 in
1078 445 1251 512 dementiis
1280 445 1333 512 de·

284 523 496 591 liberantium
521 523 570 586 vel
592 519 826 588 dubitantium.
877 539 882 547 ·
1202 575 1206 584 ,

381 641 473 696 Plaut.
490 637 557 694 ciet.
574 641 600 704 1,
615 642 642 708 1,
661 641 705 697 tt.
722 649 750 697 ar
767 644 852 696 setius
864 646 961 711 fueret
979 656 1038 696 earn
1062 645 1119 698 uiro
1141 647 1209 703 dare
1232 661 1333 723 capture

349 729 445 804 potius.
465 725 485 778 i.
503 741 526 777 e.
546 740 630 794 quam
649 731 681 780 ut
704 726 895 780 meretriciam
920 730 1068 794 quaestum
1089 729 1188 786 ‘feam
1225 735 1331 790 Terent.

348 811 431 865 Andr.
450 810 477 878 5,
493 809 518 874 3,
535 809 563 862 2.
581 829 635 864 rem
648 813 736 880 patius
751 814 840 882 ipsam
856 812 915 876 dic,
939 827 970 863 ee
995 814 1070 866 rnitte
1096 815 1165 868 ureb
1189 818 1268 892 loput
1291 821 1333 874 ubi

347 915 383 949 na
399 895 461 964 quie
484 895 634 964 coniungat
650 897 739 964 potius
760 925 795 936 -·
815 894 940 964 oc,ride
962 913 989 949 n.
1007 895 1034 950 0.
1068 899 1157 952 Antea
1176 891 1256 954 Simo
1279 911 1332 960 eret

341 982 375 1036 fin
395 997 438 1046 eo,
458 984 489 1032 ut
506 977 685 1047 Pamphilum
704 979 876 1047 obiurgaret.
893 977 955 1032 niv.
973 981 1067 1035 Pruof.
1089 982 1134 1036 12.
1157 987 1204 1039 red
1218 993 1333 1058 ¹querelae

294 1071 299 1076 '
347 1095 382 1108 --
399 1066 433 1118 ab
446 1065 524 1118 initio
541 1073 604 1118 certe
619 1072 713 1118 tentae
725 1065 868 1118 ordiendae
882 1067 921 1117 rei
938 1067 1034 1120 absint.
1076 1069 1143 1123 Cum
1165 1073 1242 1126 bouis
1254 1080 1334 1145 potius

346 1151 474 1204 aauatbus
488 1151 601 1218 uotisque
616 1177 651 1192 -
674 1149 792 1201 liberatr’m
807 1150 984 1218 iau'percorus.
1022 1175 1027 1182 ·

380 1249 616 1317 curt.t,13,lu.
635 1251 767 1304 interdurn
781 1251 932 1316 haesitare,
953 1269 990 1304 un
1007 1253 1093 1322 potius
1114 1255 1141 1309 iu
1164 1259 1270 1313 laeuum
1289 1265 1332 1316 de-

349 1343 476 1404 torqueret
490 1353 596 1406 agmen.

377 1439 524 1494 Africanus
547 1435 577 1490 in
604 1435 668 1506 urg.
693 1433 738 1503 40,
765 1436 792 1502 1,
810 1435 855 1500 21,
881 1435 1334 1516 2.aqutuemtneam0s1rgaan

344 1542 401 1578 nem
416 1522 569 1592 fideiubent‚
585 1539 653 1594 quea
672 1521 797 1576 oduersds
817 1529 841 1575 tu
860 1520 933 1576 intra
953 1541 1050 1576 manum
1066 1525 1118 1592 rit,
1145 1529 1266 1598 obligari
1281 1551 1333 1586 eum

342 1610 399 1662 aits
423 1611 465 1661 ain
488 1626 547 1660 uero
573 1609 599 1661 in
623 1609 771 1661 naturalem
794 1622 880 1670 wem,
905 1613 1068 1676 potius-esse
1085 1617 1113 1664 ut
1135 1611 1204 1664 nibil
1224 1625 1332 1684 agutur.

342 1693 438 1746 Redde
458 1709 487 1746 aa
506 1692 572 1746 bate
592 1691 715 1744 oietmebr
731 1698 799 1744 stutt
819 1691 881 1743 dure
895 1694 949 1743 ete.
1171 1695 1183 1702 “

376 1795 473 1865 Dictys
497 1793 569 1849 Bell.
588 1793 652 1847 troi.
666 1793 693 1858 2,
712 1792 754 1847 15.
772 1795 937 1864 persuadent,
956 1793 998 1846 uti
1016 1793 1070 1864 ipse
1091 1797 1181 1866 potius
1194 1797 1332 1854 descende-

341 1890 391 1936 ret.
410 1880 489 1950 Sulp.
509 1881 605 1933 Seuer.
624 1878 696 1933 nist.
715 1873 785 1954 secr.
802 1875 829 1946 2,
845 1877 888 1930 39.
907 1879 1050 1948 petebatur,
1067 1888 1105 1945 ut,
1131 1881 1289 1950 priusquam
1307 1889 1333 1938 io
1365 1906 1368 1918 ·

339 1965 519 2019 Athanasium
544 1965 698 2018 subrenbere
721 1970 883 2033 cognantur,
914 1963 948 2015 de
963 1965 1022 2030 fide
1042 1967 1129 2034 potius
1152 1967 1332 2036 disceptarent·

340 2049 373 2101 In
391 2047 436 2100 his
462 2063 497 2099 ns
517 2047 579 2114 quis
606 2050 674 2100 ocius
693 2047 867 2100 scribendum
886 2051 1020 2113 censeret,
1046 2049 1155 2102 monuit
1182 2052 1332 2122 Wopkens.

275 2141 278 2149 '
338 2133 369 2187 in
395 2131 515 2196 Miscell.
530 2129 646 2184 Obserr.
664 2129 734 2186 Nor.
753 2130 833 2185 Tam.
853 2131 879 2185 2.
896 2147 924 2199 p.
941 2131 985 2184 24.

350 2235 408 2300 10.
437 2231 623 2322 Madvigius
654 2232 695 2298 ad
725 2231 795 2298 Cic.
826 2232 866 2298 de
896 2233 967 2298 uin.
997 2221 1134 2319 p.'517.
1167 2247 1268 2325 negat
1299 2239 1331 2306 in

271 2319 413 2386 duarum
436 2341 549 2386 rerum
572 2321 823 2408 comparatione
848 2341 907 2405 per
923 2317 1212 2406 vocubulupotr'us
1229 2347 1333 2412 quum

269 2405 356 2474 facta
379 2407 462 2492 poni
487 2427 583 2493 posse
609 2404 693 2470 duos
715 2403 909 2484 infinitivus,
934 2427 994 2470 nec
1017 2411 1103 2488 apud
1129 2407 1328 2475 Ciceronem

269 2493 302 2577 d,
324 2497 356 2572 8,
377 2497 431 2557 20.
453 2502 544 2557 recte
564 2490 648 2576 legia
673 2489 756 2578 quid
777 2489 915 2554 stultius
944 2513 1048 2576 quum
1077 2489 1204 2556 bonam
1232 2499 1330 2560 vute-

268 2577 424 2648 tudinem
447 2613 486 2626 -
507 2599 636 2663 ponere
657 2578 695 2642 in
720 2573 816 2640 donis
830 2575 950 2662 potius
975 2599 1077 2662 qrrum
1102 2577 1218 2642 dicere
1243 2582 1334 2646 nituit

268 2663 407 2729 omuirw
444 2663 536 2728 iuter
567 2685 627 2728 eas
662 2675 717 2726 res
757 2660 866 2746 iisque
905 2661 1101 2725 contrarias
1121 2663 1332 2740 ‚intereas-e?

268 2744 411 2836 Scripsit
433 2748 537 2835 igitur¹
555 2769 627 2812 non
651 2745 721 2811 sine
746 2743 922 2810 librorum
938 2748 1152 2830 antiquorum
1177 2753 1331 2816 auctori·

266 2843 335 2898 tate
355 2830 520 2898 dicerent.
564 2832 608 2898 Et
631 2853 736 2932 quum
767 2853 838 2894 non
864 2835 984 2918 possit,
1004 2832 1068 2896 diei
1093 2833 1331 2922 Peripatetici

265 2919 330 2982 boc
349 2929 484 3004 ponunt
506 2917 544 2982 in
566 2915 662 2982 bonus
683 2915 799 3002 potius
827 2937 931 3003 quam
962 2915 1083 2982 dicunt
1138 2941 1177 2982 ro
1202 2917 1331 2986 dicunt

266 3004 359 3090 (nem
376 3023 449 3066 rem
468 3023 550 3088 quae
564 3024 634 3066 non
650 3000 707 3066 fiat
722 3023 879 3088 respuere
902 2939 1144 3086 indicativum5‚
1173 3027 1238 3070 nec
1259 3029 1330 3092 po-

265 3085 484 3176 redopertus
509 3109 612 3174 quum
631 3110 721 3163 amo,
746 3090 843 3151 etiam
864 3089 897 3152 in
921 3087 1054 3174 obliqua
1080 3090 1235 3156 oratione
1260 3114 1330 3178 pu·

264 3182 314 3238 tat
334 3195 405 3238 non
421 3171 550 3237 admitti
566 3171 776 3251 infinitivum,
802 3195 870 3258 quo
893 3172 1071 3238 discrimen
1096 3174 1270 3241 indicativi
1298 3188 1330 3242 et

263 3259 467 3325 'coniunctivi
485 3257 637 3324 tollatur.
680 3257 833 3344 Denique
858 3259 886 3323 si
913 3259 986 3345 qatis
1012 3259 1180 3345 scripserit
1204 3263 1264 3339 its,
1291 3272 1330 3326 ut

178 3339 187 3346 ’
263 3344 367 3411 verbo
391 3343 521 3409 consilii
548 3343 823 3432 significationem
859 3341 995 3409 habenti
1020 3343 1105 3408 duros
1137 3343 1328 3412 infinitivus

264 3430 478 3517 coniungeret
492 3430 632 3510 (statuit
645 3430 764 3518 potius
779 3451 1070 3518 praguare.quam
1092 3427 1219 3513 abire),
1244 3433 1327 3497 inde

262 3537 333 3582 non
356 3515 461 3614 sequi,
483 3514 523 3580 de
546 3515 618 3603 ips'a
633 3517 763 3580 actione
781 3517 862 3580 certi
878 3514 1014 3578 subiecti
1033 3514 1188 3580 eumdem
1210 3516 1328 3582 dictu-

261 3621 340 3668 rum
360 3599 477 3679 tu1sse,
492 3603 613 3687 potius
629 3597 796 3688 pugnabo
820 3621 924 3688 quom
945 3597 1054 3676 abido,
1084 3599 1176 3672 distr
1196 3623 1236 3668 se
1254 3626 1327 3690 po-

222 3689 225 3696 ’
261 3687 331 3752 tius
350 3708 400 3772 pu
428 3697 592 3750 naturum
622 3708 725 3773 quom
753 3683 948 3751 abiturum.-
987 3686 1076 3774 quod
1106 3683 1245 3752 Kritzio
1282 3690 1328 3754 ad

262 3709 482 3858 Sallustffug.
498 3775 570 3835 106.
585 3763 692 3836 visum
708 3781 787 3836 erat.
816 3771 876 3836 Vir
891 3772 1005 3836 doctus
1022 3773 1050 3837 si
1066 3769 1228 3836 tenuisset
1245 3775 1330 3860 'pri-

260 3858 401 3922 mariam
423 3855 578 3922 vocabuli
608 3858 802 3934 notionem,
824 3879 895 3921 non
919 3857 960 3922 ad
983 3857 1117 3922 inanem
1130 3867 1330 3943 ‘argumen-

259 3944 419 4009 tationem
439 3940 654 4028 confugisset.
687 3941 807 4008 Omnis
829 3943 919 4006 enim
942 3939 1150 4030 comparatio
1174 3965 1242 4030 per
1252 3966 1329 4030 po-

258 4026 328 4092 tius
348 4025 434 4092 facta
453 4025 575 4114 pendet
594 4048 640 4110 eu¹
656 4025 791 4116 iudicio.
840 4029 906 4094 Vbi
929 4028 1032 4116 igitur
1054 4029 1265 4126 praestantia
1289 4031 1328 4094 in

257 4111 330 4207 ipra
352 4133 390 4179 re
415 4113 572 4198 cernitur,
587 4111 814 4203 comparando
836 4112 922 4182 duae
941 4134 995 4182 res
1011 4112 1211 4182 narrationi
1234 4114 1328 4184 sub-

1337 577 1340 584 s
