2760 4714
249 251 314 318 610
504 251 752 322 Puo'tuuvtt.
789 251 1022 322 mortula.

350 421 408 482 uta
427 421 510 482 ran.
528 419 634 488 IM-
652 422 784 480 uellam
801 441 866 496 arga
879 441 929 480 aaa
943 426 1027 482 nicea
1044 441 1074 480 a.
1096 427 1297 486 marne·

318 507 338 562 i.
361 525 387 564 a.
404 507 463 564 aine
473 507 539 566 ,ulla
556 505 723 574 exceptione.
763 541 771 554 ,

334 613 367 676 9.
396 607 448 674 Ex
467 605 529 687 hia,
558 629 642 696 quaa
674 608 852 685 attulimus,
872 605 967 674 facile
987 609 1199 698 intelligitur,
1225 637 1302 702 qua.
1357 601 1358 680 l

249 707 346 762 tenua
361 693 519 783 particula
534 693 615 758 haec
631 695 730 759 etiam
746 694 871 759 ironiae
886 694 1042 760 marrire
1055 698 1176 784 poscit.
1201 692 1302 790 Augei
1357 723 1358 728 κ

252 783 340 850 enim
356 782 424 846 eiua
440 779 506 844 vim
526 780 732 846 dubitatione
748 789 891 845 remota.
1152 801 1159 818 ·

351 900 429 953 curt.
444 895 471 962 5,
483 897 510 964 5,
526 897 570 957 ld·
588 898 660 974 grat
672 915 778 972 matur
793 899 955 972 affingunt,
973 916 1037 971 quaa
1054 900 1160 958 umaro
1175 904 1301 982 darium,

321 985 505 1044 necamur?

251 1255 615 1350 PROTINAM.
674 1253 1038 1345 PROTENVS.
1081 1255 1303 1348 PROTI·

532 1385 671 1477 NVS.
705 1383 1023 1476 PROTINIS.

335 1567 531 1634 Obaoletum
556 1566 694 1633 verbum
716 1576 793 1632 teuc
818 1566 885 1630 aive
909 1565 993 1646 tino,
1021 1568 1116 1714 quod
1143 1577 1195 1632 cat
1217 1589 1306 1654 grae-

254 1673 331 1719 cum
353 1655 428 1720 rivo
450 1655 500 1721 vel
517 1656 613 1732 calva,
637 1652 802 1740 originem
823 1651 915 1716 dedit
930 1651 1029 1717 adver
1054 1652 1092 1716 iia
1107 1655 1238 1736 tinam,
1264 1653 1306 1717 ti-

140 1751 144 1756 ’
254 1761 330 1814 uua,
351 1751 460 1824 renna,
480 1740 574 1814 tinia,
595 1739 776 1805 alternante
798 1737 912 1802 vocali.
933 1735 972 1801 In
985 1749 1082 1800 tenua
1098 1750 1212 1804 autem
1229 1760 1308 1828 pro-

254 1824 330 1914 prie
349 1825 435 1890 ineat
455 1847 524 1892 nou
545 1823 619 1892 finis
641 1824 748 1904 notio,
780 1822 838 1887 aad
859 1824 908 1888 rei
935 1821 1121 1891 tendendae
1155 1824 1208 1890 vel
1258 1845 1308 1887 ro-

254 1908 458 1976 tendendae:
483 1932 584 1998 quare
604 1910 671 1975 coit
696 1929 772 1972 eum
794 1905 893 1972 aimili
917 1907 1077 1972 vocabulo
1095 1931 1180 1996 pro.
1262 1931 1309 1974 er·

255 1995 398 2062 minatio
422 1998 457 2062 in
495 2018 563 2074 cm,
587 2005 740 2082 quaeest
761 1993 944 2074 accusativi,
966 1992 1206 2082 tantumapud
1230 1994 1311 2058 anti·

256 2080 435 2166 quiaaimoa
455 2090 572 2166 poetae
588 2089 707 2160 exstat,
721 2077 823 2142 altera
835 2078 871 2143 iu
885 2098 943 2142 um
959 2098 1143 2176 numquam
1163 2079 1200 2144 iu
1217 2100 1309 2145 usum

256 2163 384 2230 vennae
400 2163 540 2238 videtur,
563 2164 620 2228 aed
638 2172 762 2228 mutata
783 2164 818 2227 iu
841 2183 891 2228 ua.
917 2161 992 2226 Hoc
1008 2184 1097 2228 curm
1119 2163 1226 2230 fiebat
1248 2187 1311 2230 nou

257 2245 320 2316 alia
348 2247 590 2330 declinatione,
624 2246 681 2313 aed
706 2246 824 2312 mobili
849 2247 1120 2336 pronuntiatione
1142 2260 1312 2315 extrema
1357 2301 1358 2325 ,

257 2331 414 2422 syllabae.
456 2333 572 2422 Neque
590 2333 684 2400 aliter
700 2331 993 2398 commutabantur
1017 2333 1143 2399 mediae
1169 2359 1186 2399 a
1214 2335 1312 2400 llabaa

258 2428 333 2484 cet
355 2418 369 2482 i
392 2429 425 2483 ct
441 2431 662 2485 extremacua
678 2419 765 2484 etia.
807 2417 876 2482 Nec
895 2439 971 2482 cum
992 2418 1123 2506 Hcynio
1146 2357 1210 2506 (ad
1238 2423 1311 2486 vir-

257 2501 315 2590 git.
345 2503 416 2570 Ecl.
435 2507 465 2585 1,
482 2505 549 2588 18.)
575 2503 716 2570 dixerim
735 2502 958 2590 antiquiorem
977 2525 1043 2567 ecee
1057 2501 1208 2570 formum
1259 2529 1312 2570 ra-

257 2599 367 2655 reaua.
419 2587 470 2654 De
493 2590 646 2656 universo
668 2609 729 2652 usu
750 2587 847 2653 huiua
870 2588 1022 2652 vocabuli
1038 2527 1314 2676 disputavitlla-
1356 2657 1357 2674 ἶ

257 2673 334 2738 niua
360 2672 464 2738 Marc.
488 2677 526 2755 4,
550 2678 622 2740 tta-t.
636 2675 773 2739 ¹variam
797 2671 1069 2760 significationem
1099 2676 1314 2758 constituens,

258 2758 434 2846 antiquum
464 2779 561 2824 usum
588 2783 608 2826 a
631 2759 817 2830 recentiore
838 2777 909 2823 nou
934 2759 1151 2847 distinguens.

343 2875 470 2943 Flavius
488 2879 596 2966 Caper
611 2901 648 2966 p.
672 2880 769 2944 2243.
792 2889 959 2964 proteum
977 2901 1042 2964 per
1068 2901 1086 2944 e
1110 2875 1314 2946 adverbium

258 2959 438 3039 locclceat,
456 2963 496 3028 id
511 2975 571 3045 eat,
589 2975 803 3049 porrotaaua,
819 2973 866 3040 ut,
880 2984 981 3051 quum
1019 2975 1157 3030 rotenus
1174 2976 1315 3053 utraque

261 3045 362 3118 ullua
376 3069 448 3112 uua
464 3047 572 3135 foret.-
590 3050 748 3134 protinus
769 3049 864 3136 peri
886 2985 1089 3114 adpetitam
1113 3062 1165 3114 eat
1187 3061 1316 3138 tempo·

260 3131 349 3208 talc,
370 3131 410 3198 id
425 3144 486 3209 eat,
504 3133 644 3198 atatime
662 3134 821 3220 protinus
837 3134 972 3198 Aeaeae
989 3133 1093 3200 celeri
1108 3145 1247 3200 certare
1261 3158 1316 3199 aa·

258 3217 368 3304 gitta.
411 3217 534 3284 Eadem
550 3217 639 3284 Bada
656 3241 691 3307 p.
710 3220 807 3284 2848.
829 3217 922 3284 Hanc
938 3218 1239 3318 grammaticorum
1255 3219 1316 3284 do-

263 3301 403 3366 ctrinam
427 3305 499 3368 iam·
515 3304 639 3370 Pierius
665 3307 701 3368 iu
727 3304 882 3392 Castigat.
907 3302 1018 3392 Vrrgil.
1043 3303 1116 3370 Ecl.
1142 3309 1181 3384 1,
1209 3311 1263 3371 13.
1288 3313 1317 3368 et

260 3387 420 3452 Amtaau.
437 3389 476 3454 ad
492 3389 604 3454 Aurel.
622 3390 709 3455 Vlct.
726 3409 761 3477 p.
778 3393 851 3455 417.
873 3386 1077 3469 refutarunt,
1097 3409 1203 3455 nemo
1217 3387 1317 3454 hodia
1354 3383 1355 3404 l

262 3472 429 3622 fflapicict.
457 3472 704 3562 Significatione
719 3473 809 3540 euim
823 3472 909 3540 nihil
925 3471 1083 3540 differunt
1096 3471 1233 3542 formae
1248 3475 1316 3541 illac

300 3578 425 3625 verace.
840 3575 845 3586 ’

268 3721 271 3728 .
349 3663 379 3726 1.
405 3656 597 3747 Significant
612 3658 772 3728 vocabula
792 3658 973 3748 protinam
994 3667 1028 3724 et
1052 3659 1215 3747 pretim
1237 3680 1316 3758 prc-
1353 3699 1354 3728 1

304 3763 414 3812 rarum
428 3756 461 3812 et
478 3746 674 3812 continuum
691 3754 835 3819 motum,
857 3746 951 3831 quari
964 3743 1165 3824 tensionem,
1185 3755 1223 3810 ut
1234 3743 1316 3810 adem

280 3850 334 3897 cre
347 3830 388 3895 ait
426 3830 625 3916 uodporrcr
638 3830 775 3908 cordia,
783 3837 965 3897 vorwdrta.
987 3829 1317 3918 Compduiturigitur

264 3933 342 3978 cum
358 3937 414 3982 ver
437 3919 464 3983 ia
484 3916 651 3993 movendi,
672 3915 784 3995 eundi,
805 3914 966 4004 fugiendi,
982 3915 1186 3994 uccreicrt,
1209 3925 1316 3985 utrum

263 3997 398 4086 longior
414 4002 456 4068 ait
472 4023 669 4089 progreaaua
685 4023 728 4068 au
747 4023 831 4068 non.
872 3999 935 4066 Hic
959 4009 1070 4079 autem
1092 4022 1173 4070 uaua
1195 4011 1246 4070 cat
1265 4021 1316 4068 an·

263 4084 388 4172 liquat,
411 4109 430 4152 a
447 4107 514 4173 quo
530 4089 696 4154 recentior
712 4085 825 4154 diflert
839 4107 1056 4176 magnopere.
