<?xml version="1.0" encoding="UTF-8"?>
<!DOCTYPE html PUBLIC "-//W3C//DTD XHTML 1.0 Transitional//EN"
    "http://www.w3.org/TR/xhtml1/DTD/xhtml1-transitional.dtd">
<html xmlns="http://www.w3.org/1999/xhtml" xml:lang="en" lang="en">
 <head>
  <title>
</title>
<meta http-equiv="Content-Type" content="text/html;charset=utf-8" />
  <meta name='ocr-system' content='tesseract 3.04.00' />
  <meta name='ocr-capabilities' content='ocr_page ocr_carea ocr_par ocr_line ocrx_word'/>
</head>
<body>
  <div class='ocr_page' id='page_1' title='image "./ferdinandihandi00handgoog/ferdinandihandi00handgoog_0009.png"; bbox 0 0 2830 4712; ppageno 0'>
   <div class='ocr_carea' id='block_1_1' title="bbox 113 723 538 814">
    <p class='ocr_par' dir='ltr' id='par_1_1' title="bbox 113 723 538 814">
     <span class='ocr_line' id='line_1_1' title="bbox 113 723 538 814; baseline -0.014 -22"><span class='ocrx_word' id='word_1_1' title='bbox 113 725 115 732; x_wconf 73' lang='grc'><strong>’</strong></span> <span class='ocrx_word' id='word_1_2' title='bbox 212 727 289 814; x_wconf 85' lang='lat' dir='ltr'>gall.</span> <span class='ocrx_word' id='word_1_3' title='bbox 319 749 352 812; x_wconf 88' lang='lat' dir='ltr'>p.</span> <span class='ocrx_word' id='word_1_4' title='bbox 377 725 453 789; x_wconf 89' lang='grc'><strong>558.</strong></span> <span class='ocrx_word' id='word_1_5' title='bbox 496 723 538 786; x_wconf 89' lang='lat' dir='ltr'>de</span> 
     </span>
    </p>
   </div>
   <div class='ocr_carea' id='block_1_2' title="bbox 43 893 1150 985">
    <p class='ocr_par' dir='ltr' id='par_1_2' title="bbox 43 893 1150 985">
     <span class='ocr_line' id='line_1_2' title="bbox 43 893 1150 985; baseline 0.001 -24"><span class='ocrx_word' id='word_1_6' title='bbox 43 909 48 926; x_wconf 69' lang='lat'><em>¹</em></span> <span class='ocrx_word' id='word_1_7' title='bbox 146 973 150 981; x_wconf 49' lang='lat'><strong>.</strong></span> <span class='ocrx_word' id='word_1_8' title='bbox 212 917 359 985; x_wconf 90' lang='lat' dir='ltr'>quornm</span> <span class='ocrx_word' id='word_1_9' title='bbox 373 894 455 959; x_wconf 89' lang='lat' dir='ltr'>illud</span> <span class='ocrx_word' id='word_1_10' title='bbox 472 895 568 958; x_wconf 89' lang='lat' dir='ltr'>aliam</span> <span class='ocrx_word' id='word_1_11' title='bbox 582 893 855 961; x_wconf 86' lang='lat' dir='ltr'>habetrationem</span> <span class='ocrx_word' id='word_1_12' title='bbox 872 895 998 962; x_wconf 85' lang='lat' dir='ltr'>solutae</span> <span class='ocrx_word' id='word_1_13' title='bbox 1015 899 1150 963; x_wconf 86' lang='lat' dir='ltr'>litterae.</span> 
     </span>
    </p>
   </div>
   <div class='ocr_carea' id='block_1_3' title="bbox 209 247 793 369">
    <p class='ocr_par' dir='ltr' id='par_1_3' title="bbox 209 247 793 369">
     <span class='ocr_line' id='line_1_3' title="bbox 209 247 793 369; baseline -0.007 0"><span class='ocrx_word' id='word_1_14' title='bbox 209 307 233 369; x_wconf 80' lang='lat' dir='ltr'>a</span> <span class='ocrx_word' id='word_1_15' title='bbox 387 363 388 367; x_wconf 12' lang='lat' dir='ltr'>a</span> <span class='ocrx_word' id='word_1_16' title='bbox 582 247 606 288; x_wconf 33' lang='lat'>&#39;¹</span> <span class='ocrx_word' id='word_1_17' title='bbox 687 297 793 364; x_wconf 83' lang='lat' dir='ltr'>nant.</span> 
     </span>
    </p>
   </div>
   <div class='ocr_carea' id='block_1_4' title="bbox 170 457 1374 1334">
    <p class='ocr_par' dir='ltr' id='par_1_4' title="bbox 212 457 1303 552">
     <span class='ocr_line' id='line_1_4' title="bbox 212 457 1303 552; baseline 0.003 -18"><span class='ocrx_word' id='word_1_18' title='bbox 212 469 263 534; x_wconf 89' lang='lat' dir='ltr'>nis</span> <span class='ocrx_word' id='word_1_19' title='bbox 289 463 507 552; x_wconf 84' lang='lat' dir='ltr'>scriptoribus</span> <span class='ocrx_word' id='word_1_20' title='bbox 522 475 763 552; x_wconf 82' lang='lat' dir='ltr'>numqueante</span> <span class='ocrx_word' id='word_1_21' title='bbox 781 465 910 532; x_wconf 74' lang='lat' dir='ltr'>vocales</span> <span class='ocrx_word' id='word_1_22' title='bbox 933 467 1078 551; x_wconf 87' lang='lat' dir='ltr'>litteras,</span> <span class='ocrx_word' id='word_1_23' title='bbox 1093 465 1173 536; x_wconf 63' lang='lat' dir='ltr'>⁴nou</span> <span class='ocrx_word' id='word_1_24' title='bbox 1198 481 1273 536; x_wconf 87' lang='lat' dir='ltr'>anta</span> <span class='ocrx_word' id='word_1_25' title='bbox 1299 457 1303 463; x_wconf 38' lang='lat'><strong>¹</strong></span> 
     </span>
    </p>

    <p class='ocr_par' dir='ltr' id='par_1_5' title="bbox 213 551 1274 639">
     <span class='ocr_line' id='line_1_5' title="bbox 213 551 1274 639; baseline 0.004 -21"><span class='ocrx_word' id='word_1_26' title='bbox 213 563 435 618; x_wconf 74' lang='lat' dir='ltr'>consonantes</span> <span class='ocrx_word' id='word_1_27' title='bbox 460 551 607 639; x_wconf 88' lang='lat' dir='ltr'>positum</span> <span class='ocrx_word' id='word_1_28' title='bbox 631 574 702 616; x_wconf 89' lang='lat' dir='ltr'>asse</span> <span class='ocrx_word' id='word_1_29' title='bbox 726 564 910 636; x_wconf 77' lang='lat' dir='ltr'>censerent.</span> <span class='ocrx_word' id='word_1_30' title='bbox 952 555 1002 619; x_wconf 88' lang='lat' dir='ltr'>De</span> <span class='ocrx_word' id='word_1_31' title='bbox 1017 555 1178 620; x_wconf 86' lang='lat' dir='ltr'>Cicerone</span> <span class='ocrx_word' id='word_1_32' title='bbox 1203 558 1274 622; x_wconf 85' lang='lat' dir='ltr'>vide</span> 
     </span>
    </p>

    <p class='ocr_par' dir='ltr' id='par_1_6' title="bbox 170 634 1273 786">
     <span class='ocr_line' id='line_1_6' title="bbox 170 634 1273 786; baseline 0.002 -80"><span class='ocrx_word' id='word_1_33' title='bbox 170 649 186 686; x_wconf 39' lang='grc' dir='ltr'><em>Γ</em></span> <span class='ocrx_word' id='word_1_34' title='bbox 212 639 385 706; x_wconf 88' lang='lat' dir='ltr'>Klotzium</span> <span class='ocrx_word' id='word_1_35' title='bbox 412 634 615 786; x_wconf 69' lang='lat' dir='ltr'>ad&#39;Lael.(p.</span> <span class='ocrx_word' id='word_1_36' title='bbox 635 643 707 702; x_wconf 89' lang='grc'><strong>120.</strong></span> <span class='ocrx_word' id='word_1_37' title='bbox 731 639 772 704; x_wconf 92' lang='lat' dir='ltr'>dc</span> <span class='ocrx_word' id='word_1_38' title='bbox 797 639 934 704; x_wconf 77' lang='lat' dir='ltr'><strong>Caesare</strong></span> <span class='ocrx_word' id='word_1_39' title='bbox 951 640 1100 728; x_wconf 88' lang='lat' dir='ltr'>Lippcrt.</span> <span class='ocrx_word' id='word_1_40' title='bbox 1124 643 1165 706; x_wconf 92' lang='lat' dir='ltr'>ad</span> <span class='ocrx_word' id='word_1_41' title='bbox 1192 643 1273 708; x_wconf 87' lang='lat' dir='ltr'><strong>Bell.</strong></span> 
     </span>
    </p>

    <p class='ocr_par' dir='ltr' id='par_1_7' title="bbox 594 723 1274 810">
     <span class='ocr_line' id='line_1_7' title="bbox 594 723 1274 810; baseline 0.01 -24"><span class='ocrx_word' id='word_1_42' title='bbox 594 723 723 790; x_wconf 90' lang='lat' dir='ltr'>ornelio</span> <span class='ocrx_word' id='word_1_43' title='bbox 748 725 880 810; x_wconf 86' lang='lat' dir='ltr'>Nepote</span> <span class='ocrx_word' id='word_1_44' title='bbox 903 723 1092 794; x_wconf 83' lang='lat' dir='ltr'>Moschium</span> <span class='ocrx_word' id='word_1_45' title='bbox 1119 729 1158 792; x_wconf 91' lang='lat' dir='ltr'>ad</span> <span class='ocrx_word' id='word_1_46' title='bbox 1186 729 1274 794; x_wconf 87' lang='lat' dir='ltr'>Milr.</span> 
     </span>
    </p>

    <p class='ocr_par' dir='ltr' id='par_1_8' title="bbox 215 809 1374 964">
     <span class='ocr_line' id='line_1_8' title="bbox 215 809 1374 964; baseline 0.002 -86"><span class='ocrx_word' id='word_1_47' title='bbox 215 821 251 882; x_wconf 91' lang='grc'>1.</span> <span class='ocrx_word' id='word_1_48' title='bbox 277 817 308 876; x_wconf 88' lang='grc'>2.</span> <span class='ocrx_word' id='word_1_49' title='bbox 352 809 598 896; x_wconf 74' lang='lat' dir='ltr'>compararunt</span> <span class='ocrx_word' id='word_1_50' title='bbox 622 831 717 874; x_wconf 86' lang='lat' dir='ltr'>usum</span> <span class='ocrx_word' id='word_1_51' title='bbox 745 811 924 876; x_wconf 82' lang='lat' dir='ltr'>verborum</span> <span class='ocrx_word' id='word_1_52' title='bbox 956 823 1057 899; x_wconf 87' lang='lat' dir='ltr'>atque</span> <span class='ocrx_word' id='word_1_53' title='bbox 1088 825 1119 876; x_wconf 87' lang='lat' dir='ltr'>et.</span> <span class='ocrx_word' id='word_1_54' title='bbox 1156 837 1274 964; x_wconf 53' lang='lat' dir='ltr'>ogque,</span> <span class='ocrx_word' id='word_1_55' title='bbox 1367 846 1374 852; x_wconf 96' lang='lat'>·</span> 
     </span>
    </p>

    <p class='ocr_par' dir='ltr' id='par_1_9' title="bbox 1209 923 1273 964">
     <span class='ocr_line' id='line_1_9' title="bbox 1209 923 1273 964; baseline 0.031 -2"><span class='ocrx_word' id='word_1_56' title='bbox 1209 923 1273 964; x_wconf 91' lang='lat' dir='ltr'>on-</span> 
     </span>
    </p>

    <p class='ocr_par' dir='ltr' id='par_1_10' title="bbox 190 980 1277 1157">
     <span class='ocr_line' id='line_1_10' title="bbox 190 980 1277 1074; baseline 0 -24"><span class='ocrx_word' id='word_1_57' title='bbox 190 983 292 1052; x_wconf 81' lang='lat' dir='ltr'>-ferri</span> <span class='ocrx_word' id='word_1_58' title='bbox 312 991 446 1074; x_wconf 83' lang='lat' dir='ltr'>poterat</span> <span class='ocrx_word' id='word_1_59' title='bbox 468 980 604 1067; x_wconf 82' lang='lat' dir='ltr'>iamque</span> <span class='ocrx_word' id='word_1_60' title='bbox 630 992 663 1044; x_wconf 90' lang='lat' dir='ltr'>et</span> <span class='ocrx_word' id='word_1_61' title='bbox 687 981 841 1070; x_wconf 83' lang='lat' dir='ltr'>deniqne.</span> <span class='ocrx_word' id='word_1_62' title='bbox 898 982 963 1048; x_wconf 85' lang='lat' dir='ltr'>Sed</span> <span class='ocrx_word' id='word_1_63' title='bbox 989 986 1094 1070; x_wconf 86' lang='lat' dir='ltr'>quivis</span> <span class='ocrx_word' id='word_1_64' title='bbox 1125 996 1277 1067; x_wconf 49' lang='lat' dir='ltr'>veterum,</span> 
     </span>
     <span class='ocr_line' id='line_1_11' title="bbox 213 1065 1137 1157; baseline 0.006 -28"><span class='ocrx_word' id='word_1_65' title='bbox 213 1071 419 1157; x_wconf 78' lang='lat' dir='ltr'>scriptorum</span> <span class='ocrx_word' id='word_1_66' title='bbox 443 1065 573 1130; x_wconf 82' lang='lat' dir='ltr'>videtur</span> <span class='ocrx_word' id='word_1_67' title='bbox 589 1089 631 1130; x_wconf 82' lang='lat' dir='ltr'>ex</span> <span class='ocrx_word' id='word_1_68' title='bbox 649 1087 709 1130; x_wconf 88' lang='lat' dir='ltr'>suc</span> <span class='ocrx_word' id='word_1_69' title='bbox 731 1090 826 1132; x_wconf 85' lang='lat' dir='ltr'>mora</span> <span class='ocrx_word' id='word_1_70' title='bbox 842 1065 1036 1134; x_wconf 87' lang='lat' dir='ltr'>iudicandus</span> <span class='ocrx_word' id='word_1_71' title='bbox 1056 1091 1137 1136; x_wconf 89' lang='lat' dir='ltr'>esse.</span> 
     </span>
    </p>

    <p class='ocr_par' dir='ltr' id='par_1_11' title="bbox 234 1141 1273 1238">
     <span class='ocr_line' id='line_1_12' title="bbox 234 1141 1273 1238; baseline 0.003 -24"><span class='ocrx_word' id='word_1_72' title='bbox 234 1201 238 1214; x_wconf 85' lang='lat'><strong>.</strong></span> <span class='ocrx_word' id='word_1_73' title='bbox 268 1156 318 1222; x_wconf 85' lang='grc' dir='ltr'>,Α</span> <span class='ocrx_word' id='word_1_74' title='bbox 347 1145 391 1216; x_wconf 77' lang='lat' dir='ltr'>‘ud</span> <span class='ocrx_word' id='word_1_75' title='bbox 408 1151 576 1230; x_wconf 87' lang='lat' dir='ltr'>Plautum,</span> <span class='ocrx_word' id='word_1_76' title='bbox 601 1152 657 1238; x_wconf 92' lang='lat' dir='ltr'>qui</span> <span class='ocrx_word' id='word_1_77' title='bbox 682 1155 847 1219; x_wconf 84' lang='lat' dir='ltr'><strong>rarissime</strong></span> <span class='ocrx_word' id='word_1_78' title='bbox 870 1154 975 1219; x_wconf 87' lang='lat' dir='ltr'>utitur</span> <span class='ocrx_word' id='word_1_79' title='bbox 999 1153 1063 1222; x_wconf 89' lang='lat' dir='ltr'>hac</span> <span class='ocrx_word' id='word_1_80' title='bbox 1084 1153 1214 1226; x_wconf 81' lang='lat' dir='ltr'>forma.</span> <span class='ocrx_word' id='word_1_81' title='bbox 1229 1141 1273 1238; x_wconf 28' lang='lat' dir='ltr'>,et</span> 
     </span>
    </p>

    <p class='ocr_par' dir='ltr' id='par_1_12' title="bbox 212 1237 1272 1334">
     <span class='ocr_line' id='line_1_13' title="bbox 212 1237 1272 1334; baseline -0.003 -28"><span class='ocrx_word' id='word_1_82' title='bbox 212 1240 299 1334; x_wconf 85' lang='lat' dir='ltr'>apud</span> <span class='ocrx_word' id='word_1_83' title='bbox 330 1237 521 1302; x_wconf 76' lang='lat' dir='ltr'>serentium</span> <span class='ocrx_word' id='word_1_84' title='bbox 547 1237 675 1302; x_wconf 90' lang='lat' dir='ltr'>nullum</span> <span class='ocrx_word' id='word_1_85' title='bbox 703 1239 836 1303; x_wconf 88' lang='lat' dir='ltr'>invenio</span> <span class='ocrx_word' id='word_1_86' title='bbox 862 1239 995 1319; x_wconf 81' lang='lat' dir='ltr'>locum,</span> <span class='ocrx_word' id='word_1_87' title='bbox 1018 1241 1052 1306; x_wconf 92' lang='lat' dir='ltr'>in</span> <span class='ocrx_word' id='word_1_88' title='bbox 1077 1264 1144 1328; x_wconf 92' lang='lat' dir='ltr'>quo</span> <span class='ocrx_word' id='word_1_89' title='bbox 1168 1263 1272 1306; x_wconf 77' lang='lat' dir='ltr'>nram·-</span> 
     </span>
    </p>
   </div>
   <div class='ocr_carea' id='block_1_5' title="bbox 119 1323 1378 1422">
    <p class='ocr_par' dir='ltr' id='par_1_13' title="bbox 119 1323 1378 1422">
     <span class='ocr_line' id='line_1_14' title="bbox 119 1323 1378 1422; baseline -0.002 -32"><span class='ocrx_word' id='word_1_90' title='bbox 119 1349 122 1354; x_wconf 88' lang='lat'>·</span> <span class='ocrx_word' id='word_1_91' title='bbox 213 1349 276 1422; x_wconf 84' lang='lat' dir='ltr'>que</span> <span class='ocrx_word' id='word_1_92' title='bbox 293 1323 490 1390; x_wconf 87' lang='lat' dir='ltr'>consonanti</span> <span class='ocrx_word' id='word_1_93' title='bbox 505 1323 698 1412; x_wconf 77' lang='lat' dir='ltr'>praecedat,</span> <span class='ocrx_word' id='word_1_94' title='bbox 721 1333 776 1389; x_wconf 89' lang='lat' dir='ltr'>aut</span> <span class='ocrx_word' id='word_1_95' title='bbox 793 1325 828 1390; x_wconf 92' lang='lat' dir='ltr'>in</span> <span class='ocrx_word' id='word_1_96' title='bbox 845 1347 911 1412; x_wconf 90' lang='lat' dir='ltr'>quo</span> <span class='ocrx_word' id='word_1_97' title='bbox 928 1348 997 1390; x_wconf 88' lang='lat' dir='ltr'>noa</span> <span class='ocrx_word' id='word_1_98' title='bbox 1016 1325 1056 1390; x_wconf 85' lang='lat' dir='ltr'>ab</span> <span class='ocrx_word' id='word_1_99' title='bbox 1080 1328 1178 1392; x_wconf 90' lang='lat' dir='ltr'>initio</span> <span class='ocrx_word' id='word_1_100' title='bbox 1195 1349 1290 1390; x_wconf 89' lang='lat' dir='ltr'>aen-.</span> <span class='ocrx_word' id='word_1_101' title='bbox 1374 1390 1378 1397; x_wconf 76' lang='grc'><em>,</em></span> 
     </span>
    </p>
   </div>
   <div class='ocr_carea' id='block_1_6' title="bbox 208 1404 1272 1840">
    <p class='ocr_par' dir='ltr' id='par_1_14' title="bbox 208 1401 1272 1840">
     <span class='ocr_line' id='line_1_15' title="bbox 208 1404 1272 1500; baseline -0.002 -22"><span class='ocrx_word' id='word_1_102' title='bbox 208 1411 333 1478; x_wconf 86' lang='lat' dir='ltr'>tentiae</span> <span class='ocrx_word' id='word_1_103' title='bbox 353 1409 568 1500; x_wconf 84' lang='lat' dir='ltr'>positumsit.</span> <span class='ocrx_word' id='word_1_104' title='bbox 597 1409 715 1474; x_wconf 90' lang='lat' dir='ltr'>Cicero</span> <span class='ocrx_word' id='word_1_105' title='bbox 729 1410 857 1476; x_wconf 86' lang='lat' dir='ltr'>videtur</span> <span class='ocrx_word' id='word_1_106' title='bbox 872 1404 1272 1498; x_wconf 85' lang='lat' dir='ltr'>particulamadhibuissc¹</span> 
     </span>
     <span class='ocr_line' id='line_1_16' title="bbox 212 1493 1271 1592; baseline -0.001 -30"><span class='ocrx_word' id='word_1_107' title='bbox 212 1497 254 1592; x_wconf 77' lang='lat' dir='ltr'>qd</span> <span class='ocrx_word' id='word_1_108' title='bbox 273 1495 448 1562; x_wconf 75' lang='lat' dir='ltr'>nectendas</span> <span class='ocrx_word' id='word_1_109' title='bbox 464 1493 661 1566; x_wconf 85' lang='lat' dir='ltr'>sententias:</span> <span class='ocrx_word' id='word_1_110' title='bbox 684 1517 788 1584; x_wconf 89' lang='lat' dir='ltr'>quare</span> <span class='ocrx_word' id='word_1_111' title='bbox 802 1519 986 1584; x_wconf 79' lang='lat' dir='ltr'>numquam</span> <span class='ocrx_word' id='word_1_112' title='bbox 1004 1507 1081 1584; x_wconf 90' lang='lat' dir='ltr'>post</span> <span class='ocrx_word' id='word_1_113' title='bbox 1098 1497 1186 1566; x_wconf 88' lang='lat' dir='ltr'>aliud</span> <span class='ocrx_word' id='word_1_114' title='bbox 1205 1519 1271 1562; x_wconf 90' lang='lat' dir='ltr'>no-</span> 
     </span>
     <span class='ocr_line' id='line_1_17' title="bbox 210 1579 1272 1671; baseline -0.005 -21"><span class='ocrx_word' id='word_1_115' title='bbox 210 1589 288 1650; x_wconf 87' lang='lat' dir='ltr'>men</span> <span class='ocrx_word' id='word_1_116' title='bbox 304 1582 427 1671; x_wconf 87' lang='lat' dir='ltr'>posuit,</span> <span class='ocrx_word' id='word_1_117' title='bbox 451 1579 542 1666; x_wconf 91' lang='lat' dir='ltr'>quod</span> <span class='ocrx_word' id='word_1_118' title='bbox 567 1580 720 1650; x_wconf 85' lang='lat' dir='ltr'>fecerunt</span> <span class='ocrx_word' id='word_1_119' title='bbox 737 1583 858 1660; x_wconf 80' lang='lat' dir='ltr'>Livius,</span> <span class='ocrx_word' id='word_1_120' title='bbox 882 1595 915 1648; x_wconf 87' lang='lat' dir='ltr'>et</span> <span class='ocrx_word' id='word_1_121' title='bbox 928 1583 984 1670; x_wconf 88' lang='lat' dir='ltr'>qui</span> <span class='ocrx_word' id='word_1_122' title='bbox 1002 1593 1078 1670; x_wconf 86' lang='lat' dir='ltr'>post</span> <span class='ocrx_word' id='word_1_123' title='bbox 1095 1605 1170 1660; x_wconf 84' lang='lat' dir='ltr'>earn</span> <span class='ocrx_word' id='word_1_124' title='bbox 1187 1583 1272 1646; x_wconf 90' lang='lat' dir='ltr'>scri-</span> 
     </span>
     <span class='ocr_line' id='line_1_18' title="bbox 210 1664 1272 1760; baseline -0.003 -25"><span class='ocrx_word' id='word_1_125' title='bbox 210 1679 359 1760; x_wconf 85' lang='lat' dir='ltr'>pserunt.</span> <span class='ocrx_word' id='word_1_126' title='bbox 381 1671 433 1731; x_wconf 80' lang='lat' dir='ltr'>An</span> <span class='ocrx_word' id='word_1_127' title='bbox 449 1688 527 1731; x_wconf 88' lang='lat' dir='ltr'>vero</span> <span class='ocrx_word' id='word_1_128' title='bbox 544 1688 725 1752; x_wconf 83' lang='lat' dir='ltr'>numquam</span> <span class='ocrx_word' id='word_1_129' title='bbox 738 1679 814 1732; x_wconf 90' lang='lat' dir='ltr'>ante</span> <span class='ocrx_word' id='word_1_130' title='bbox 833 1664 1073 1734; x_wconf 82' lang='lat' dir='ltr'>consonantem</span> <span class='ocrx_word' id='word_1_131' title='bbox 1086 1669 1272 1733; x_wconf 81' lang='lat' dir='ltr'>collocave-</span> 
     </span>
     <span class='ocr_line' id='line_1_19' title="bbox 211 1751 1271 1840; baseline -0.004 -18"><span class='ocrx_word' id='word_1_132' title='bbox 211 1756 276 1833; x_wconf 86' lang='lat' dir='ltr'>rit,</span> <span class='ocrx_word' id='word_1_133' title='bbox 299 1776 343 1819; x_wconf 83' lang='lat' dir='ltr'>ex</span> <span class='ocrx_word' id='word_1_134' title='bbox 358 1751 413 1829; x_wconf 82' lang='lat' dir='ltr'>iis,</span> <span class='ocrx_word' id='word_1_135' title='bbox 437 1761 521 1838; x_wconf 88' lang='lat' dir='ltr'>quae</span> <span class='ocrx_word' id='word_1_136' title='bbox 539 1773 627 1838; x_wconf 81' lang='lat' dir='ltr'>nanc</span> <span class='ocrx_word' id='word_1_137' title='bbox 646 1763 796 1830; x_wconf 87' lang='lat' dir='ltr'>exstant,</span> <span class='ocrx_word' id='word_1_138' title='bbox 817 1755 977 1840; x_wconf 86' lang='lat' dir='ltr'>exemplis</span> <span class='ocrx_word' id='word_1_139' title='bbox 1000 1777 1072 1818; x_wconf 89' lang='lat' dir='ltr'>non</span> <span class='ocrx_word' id='word_1_140' title='bbox 1090 1753 1271 1820; x_wconf 78' lang='lat' dir='ltr'>admodum</span> 
     </span>
    </p>
   </div>
   <div class='ocr_carea' id='block_1_7' title="bbox 98 1832 1272 1906">
    <p class='ocr_par' dir='ltr' id='par_1_15' title="bbox 98 1832 1272 1906">
     <span class='ocr_line' id='line_1_20' title="bbox 98 1832 1272 1906; baseline -0.007 1"><span class='ocrx_word' id='word_1_141' title='bbox 98 1832 101 1844; x_wconf 75' lang='grc'>’</span> <span class='ocrx_word' id='word_1_142' title='bbox 211 1841 326 1906; x_wconf 86' lang='lat' dir='ltr'>multis</span> <span class='ocrx_word' id='word_1_143' title='bbox 346 1839 575 1902; x_wconf 90' lang='lat' dir='ltr'>demonstrare</span> <span class='ocrx_word' id='word_1_144' title='bbox 593 1837 648 1902; x_wconf 84' lang='lat' dir='ltr'>vix</span> <span class='ocrx_word' id='word_1_145' title='bbox 665 1836 795 1902; x_wconf 86' lang='lat' dir='ltr'>licebit:</span> <span class='ocrx_word' id='word_1_146' title='bbox 820 1835 888 1901; x_wconf 83' lang='lat' dir='ltr'>veri</span> <span class='ocrx_word' id='word_1_147' title='bbox 910 1847 1022 1901; x_wconf 86' lang='lat' dir='ltr'>tamen</span> <span class='ocrx_word' id='word_1_148' title='bbox 1047 1839 1158 1903; x_wconf 82' lang='lat' dir='ltr'>simila</span> <span class='ocrx_word' id='word_1_149' title='bbox 1179 1839 1272 1901; x_wconf 83' lang='lat' dir='ltr'>vide-</span> 
     </span>
    </p>
   </div>
   <div class='ocr_carea' id='block_1_8' title="bbox 210 1919 1272 2182">
    <p class='ocr_par' dir='ltr' id='par_1_16' title="bbox 210 1919 1272 2182">
     <span class='ocr_line' id='line_1_21' title="bbox 210 1919 1270 2014; baseline -0.005 -23"><span class='ocrx_word' id='word_1_150' title='bbox 210 1919 278 2014; x_wconf 77' lang='lat' dir='ltr'>tur.</span> <span class='ocrx_word' id='word_1_151' title='bbox 332 1924 380 1996; x_wconf 90' lang='lat' dir='ltr'>lta</span> <span class='ocrx_word' id='word_1_152' title='bbox 413 1923 513 1987; x_wconf 87' lang='lat' dir='ltr'>ctiam</span> <span class='ocrx_word' id='word_1_153' title='bbox 553 1923 705 1988; x_wconf 61' lang='lat' dir='ltr'>Caesar.¹</span> <span class='ocrx_word' id='word_1_154' title='bbox 736 1921 931 2007; x_wconf 84' lang='lat' dir='ltr'>Cornelium</span> <span class='ocrx_word' id='word_1_155' title='bbox 965 1923 1130 2010; x_wconf 87' lang='lat' dir='ltr'>Nepotem</span> <span class='ocrx_word' id='word_1_156' title='bbox 1161 1933 1270 1987; x_wconf 87' lang='lat' dir='ltr'>autem</span> 
     </span>
     <span class='ocr_line' id='line_1_22' title="bbox 211 2005 1272 2095; baseline -0.006 -17"><span class='ocrx_word' id='word_1_157' title='bbox 211 2005 334 2078; x_wconf 78' lang='lat' dir='ltr'>dixisse</span> <span class='ocrx_word' id='word_1_158' title='bbox 362 2029 512 2095; x_wconf 83' lang='lat' dir='ltr'>namque</span> <span class='ocrx_word' id='word_1_159' title='bbox 532 2019 606 2074; x_wconf 88' lang='lat' dir='ltr'>tum</span> <span class='ocrx_word' id='word_1_160' title='bbox 638 2008 723 2074; x_wconf 91' lang='lat' dir='ltr'>Milt.</span> <span class='ocrx_word' id='word_1_161' title='bbox 745 2015 782 2088; x_wconf 89' lang='lat'>1,</span> <span class='ocrx_word' id='word_1_162' title='bbox 803 2014 835 2072; x_wconf 95' lang='grc'>2.</span> <span class='ocrx_word' id='word_1_163' title='bbox 860 2029 1007 2095; x_wconf 79' lang='lat' dir='ltr'>numque</span> <span class='ocrx_word' id='word_1_164' title='bbox 1029 2005 1272 2074; x_wconf 84' lang='lat' dir='ltr'>Lacedaemo-</span> 
     </span>
     <span class='ocr_line' id='line_1_23' title="bbox 212 2092 1270 2182; baseline -0.007 -18"><span class='ocrx_word' id='word_1_165' title='bbox 212 2098 265 2164; x_wconf 84' lang='lat' dir='ltr'>nii</span> <span class='ocrx_word' id='word_1_166' title='bbox 293 2092 416 2172; x_wconf 83' lang='lat' dir='ltr'>Thena.</span> <span class='ocrx_word' id='word_1_167' title='bbox 442 2097 481 2168; x_wconf 88' lang='grc'>6,</span> <span class='ocrx_word' id='word_1_168' title='bbox 504 2096 537 2160; x_wconf 81' lang='grc'>2.</span> <span class='ocrx_word' id='word_1_169' title='bbox 584 2117 731 2182; x_wconf 82' lang='lat' dir='ltr'>namque</span> <span class='ocrx_word' id='word_1_170' title='bbox 763 2093 993 2160; x_wconf 80' lang='lat' dir='ltr'>diuturnitate</span> <span class='ocrx_word' id='word_1_171' title='bbox 1030 2095 1128 2159; x_wconf 87' lang='lat' dir='ltr'>Ham.</span> <span class='ocrx_word' id='word_1_172' title='bbox 1161 2099 1209 2175; x_wconf 86' lang='lat'>2,</span> <span class='ocrx_word' id='word_1_173' title='bbox 1241 2101 1270 2158; x_wconf 91' lang='lat'>1.</span> 
     </span>
    </p>
   </div>
   <div class='ocr_carea' id='block_1_9' title="bbox 211 2171 1406 2272">
    <p class='ocr_par' dir='ltr' id='par_1_17' title="bbox 211 2171 1406 2272">
     <span class='ocr_line' id='line_1_24' title="bbox 211 2171 1406 2272; baseline -0.015 -18"><span class='ocrx_word' id='word_1_174' title='bbox 211 2183 361 2272; x_wconf 82' lang='lat' dir='ltr'>numque</span> <span class='ocrx_word' id='word_1_175' title='bbox 383 2178 531 2268; x_wconf 71' lang='lat' dir='ltr'>qersibna</span> <span class='ocrx_word' id='word_1_176' title='bbox 552 2181 619 2246; x_wconf 79' lang='lat' dir='ltr'>Aa.</span> <span class='ocrx_word' id='word_1_177' title='bbox 646 2183 703 2258; x_wconf 83' lang='lat'>18,</span> <span class='ocrx_word' id='word_1_178' title='bbox 726 2181 757 2246; x_wconf 87' lang='grc'>5.</span> <span class='ocrx_word' id='word_1_179' title='bbox 786 2179 819 2243; x_wconf 93' lang='lat' dir='ltr'>id</span> <span class='ocrx_word' id='word_1_180' title='bbox 843 2171 1029 2245; x_wconf 77' lang='lat' dir='ltr'>observavit</span> <span class='ocrx_word' id='word_1_181' title='bbox 1050 2179 1200 2246; x_wconf 82' lang='lat' dir='ltr'>Bromius</span> <span class='ocrx_word' id='word_1_182' title='bbox 1230 2179 1285 2262; x_wconf 75' lang='lat' dir='ltr'>ad·</span> <span class='ocrx_word' id='word_1_183' title='bbox 1392 2177 1406 2207; x_wconf 87' lang='lat'>·&#39;</span> 
     </span>
    </p>
   </div>
   <div class='ocr_carea' id='block_1_10' title="bbox 212 2263 1268 2368">
    <p class='ocr_par' dir='ltr' id='par_1_18' title="bbox 212 2263 1268 2368">
     <span class='ocr_line' id='line_1_25' title="bbox 212 2263 1268 2368; baseline -0.005 -33"><span class='ocrx_word' id='word_1_184' title='bbox 212 2269 283 2360; x_wconf 79' lang='lat' dir='ltr'>Alc.</span> <span class='ocrx_word' id='word_1_185' title='bbox 299 2277 329 2358; x_wconf 79' lang='grc'><strong>1,</strong></span> <span class='ocrx_word' id='word_1_186' title='bbox 345 2273 377 2332; x_wconf 88' lang='grc'>2.</span> <span class='ocrx_word' id='word_1_187' title='bbox 404 2263 496 2330; x_wconf 86' lang='lat' dir='ltr'>Adde</span> <span class='ocrx_word' id='word_1_188' title='bbox 512 2265 627 2354; x_wconf 90' lang='lat' dir='ltr'>Pelop.</span> <span class='ocrx_word' id='word_1_189' title='bbox 648 2265 679 2338; x_wconf 83' lang='lat'>4,</span> <span class='ocrx_word' id='word_1_190' title='bbox 698 2271 730 2354; x_wconf 89' lang='grc'>2.</span> <span class='ocrx_word' id='word_1_191' title='bbox 751 2287 898 2364; x_wconf 71' lang='lat' dir='ltr'>namque</span> <span class='ocrx_word' id='word_1_192' title='bbox 914 2265 1078 2337; x_wconf 82' lang='lat' dir='ltr'>leuctrica</span> <span class='ocrx_word' id='word_1_193' title='bbox 1091 2287 1228 2356; x_wconf 76' lang='lat' dir='ltr'>pagna.</span> <span class='ocrx_word' id='word_1_194' title='bbox 1263 2351 1268 2368; x_wconf 36' lang='lat'><em>&#39;</em></span> 
     </span>
    </p>
   </div>
   <div class='ocr_carea' id='block_1_11' title="bbox 221 2383 1271 2881">
    <p class='ocr_par' dir='ltr' id='par_1_19' title="bbox 221 2383 1270 2456">
     <span class='ocr_line' id='line_1_26' title="bbox 221 2383 1270 2456; baseline -0.004 -16"><span class='ocrx_word' id='word_1_195' title='bbox 221 2423 223 2430; x_wconf 53' lang='lat'>&gt;</span> <span class='ocrx_word' id='word_1_196' title='bbox 325 2385 384 2440; x_wconf 73' lang='lat' dir='ltr'>cte.</span> <span class='ocrx_word' id='word_1_197' title='bbox 408 2385 442 2438; x_wconf 84' lang='lat' dir='ltr'>da</span> <span class='ocrx_word' id='word_1_198' title='bbox 463 2383 525 2440; x_wconf 78' lang='lat' dir='ltr'>niv.</span> <span class='ocrx_word' id='word_1_199' title='bbox 540 2385 575 2450; x_wconf 88' lang='lat'>1,</span> <span class='ocrx_word' id='word_1_200' title='bbox 598 2385 651 2448; x_wconf 67' lang='lat'>3⁰3</span> <span class='ocrx_word' id='word_1_201' title='bbox 677 2385 721 2440; x_wconf 76' lang='lat'>62.</span> <span class='ocrx_word' id='word_1_202' title='bbox 744 2403 854 2456; x_wconf 75' lang='lat' dir='ltr'>maeque</span> <span class='ocrx_word' id='word_1_203' title='bbox 880 2387 1028 2446; x_wconf 81' lang='lat' dir='ltr'>Carneadea</span> <span class='ocrx_word' id='word_1_204' title='bbox 1052 2386 1189 2442; x_wconf 77' lang='lat' dir='ltr'>medacii</span> <span class='ocrx_word' id='word_1_205' title='bbox 1213 2385 1270 2449; x_wconf 77' lang='lat' dir='ltr'>tae,</span> 
     </span>
    </p>

    <p class='ocr_par' dir='ltr' id='par_1_20' title="bbox 280 2467 1271 2539">
     <span class='ocr_line' id='line_1_27' title="bbox 280 2467 1271 2539; baseline -0.004 -13"><span class='ocrx_word' id='word_1_206' title='bbox 280 2473 359 2526; x_wconf 84' lang='lat' dir='ltr'>ruodo</span> <span class='ocrx_word' id='word_1_207' title='bbox 380 2471 455 2524; x_wconf 84' lang='lat' dir='ltr'>illud.</span> <span class='ocrx_word' id='word_1_208' title='bbox 482 2469 542 2524; x_wconf 86' lang='lat' dir='ltr'>cod.</span> <span class='ocrx_word' id='word_1_209' title='bbox 559 2469 649 2524; x_wconf 80' lang='lat' dir='ltr'>dread.</span> <span class='ocrx_word' id='word_1_210' title='bbox 675 2478 704 2524; x_wconf 82' lang='lat' dir='ltr'>et</span> <span class='ocrx_word' id='word_1_211' title='bbox 725 2469 811 2539; x_wconf 82' lang='lat' dir='ltr'>antiq.</span> <span class='ocrx_word' id='word_1_212' title='bbox 833 2469 899 2524; x_wconf 86' lang='lat' dir='ltr'>edit.</span> <span class='ocrx_word' id='word_1_213' title='bbox 921 2470 1049 2524; x_wconf 87' lang='lat' dir='ltr'>omittunt</span> <span class='ocrx_word' id='word_1_214' title='bbox 1071 2486 1128 2538; x_wconf 81' lang='lat' dir='ltr'>qne.</span> <span class='ocrx_word' id='word_1_215' title='bbox 1162 2467 1271 2522; x_wconf 77' lang='lat' dir='ltr'>Hirtius</span> 
     </span>
    </p>

    <p class='ocr_par' dir='ltr' id='par_1_21' title="bbox 237 2551 1270 2628">
     <span class='ocr_line' id='line_1_28' title="bbox 237 2551 1270 2628; baseline -0.011 -15"><span class='ocrx_word' id='word_1_216' title='bbox 237 2600 241 2616; x_wconf 76' lang='grc'>.</span> <span class='ocrx_word' id='word_1_217' title='bbox 279 2557 355 2613; x_wconf 76' lang='lat' dir='ltr'>neu.</span> <span class='ocrx_word' id='word_1_218' title='bbox 370 2556 438 2625; x_wconf 83' lang='lat' dir='ltr'>gall.</span> <span class='ocrx_word' id='word_1_219' title='bbox 451 2551 487 2619; x_wconf 75' lang='lat'>8,</span> <span class='ocrx_word' id='word_1_220' title='bbox 500 2553 545 2608; x_wconf 44' lang='lat'>¹28.</span> <span class='ocrx_word' id='word_1_221' title='bbox 563 2572 676 2628; x_wconf 68' lang='lat' dir='ltr'>aramque</span> <span class='ocrx_word' id='word_1_222' title='bbox 688 2556 780 2610; x_wconf 80' lang='lat' dir='ltr'>nostri.</span> <span class='ocrx_word' id='word_1_223' title='bbox 823 2553 914 2616; x_wconf 80' lang='lat' dir='ltr'>Tacit.</span> <span class='ocrx_word' id='word_1_224' title='bbox 927 2554 996 2623; x_wconf 75' lang='lat' dir='ltr'>Agr.</span> <span class='ocrx_word' id='word_1_225' title='bbox 1010 2552 1037 2611; x_wconf 81' lang='lat'>4.</span> <span class='ocrx_word' id='word_1_226' title='bbox 1060 2568 1173 2622; x_wconf 76' lang='lat' dir='ltr'>namque</span> <span class='ocrx_word' id='word_1_227' title='bbox 1194 2553 1270 2606; x_wconf 56' lang='lat' dir='ltr'>Mars</span> 
     </span>
    </p>

    <p class='ocr_par' dir='ltr' id='par_1_22' title="bbox 232 2634 1270 2710">
     <span class='ocr_line' id='line_1_29' title="bbox 232 2634 1270 2710; baseline -0.006 -15"><span class='ocrx_word' id='word_1_228' title='bbox 232 2667 236 2672; x_wconf 91' lang='lat'><em>·</em></span> <span class='ocrx_word' id='word_1_229' title='bbox 279 2657 338 2699; x_wconf 70' lang='lat' dir='ltr'>oros</span> <span class='ocrx_word' id='word_1_230' title='bbox 352 2641 481 2702; x_wconf 74' lang='lat' dir='ltr'>Silanum.</span> <span class='ocrx_word' id='word_1_231' title='bbox 515 2640 559 2692; x_wconf 91' lang='lat'>11.</span> <span class='ocrx_word' id='word_1_232' title='bbox 578 2657 692 2710; x_wconf 81' lang='lat' dir='ltr'>namque</span> <span class='ocrx_word' id='word_1_233' title='bbox 707 2641 812 2697; x_wconf 82' lang='lat' dir='ltr'>rutilae.</span> <span class='ocrx_word' id='word_1_234' title='bbox 844 2639 916 2696; x_wconf 85' lang='lat' dir='ltr'>Plio.</span> <span class='ocrx_word' id='word_1_235' title='bbox 933 2639 1076 2694; x_wconf 67' lang='lat' dir='ltr'>Histnut.</span> <span class='ocrx_word' id='word_1_236' title='bbox 1091 2635 1141 2703; x_wconf 81' lang='lat' dir='ltr'>lt,</span> <span class='ocrx_word' id='word_1_237' title='bbox 1159 2634 1270 2704; x_wconf 73' lang='grc'><strong>28,.41,</strong></span> 
     </span>
    </p>

    <p class='ocr_par' dir='ltr' id='par_1_23' title="bbox 254 2717 1270 2881">
     <span class='ocr_line' id='line_1_30' title="bbox 254 2717 1270 2796; baseline -0.004 -16"><span class='ocrx_word' id='word_1_238' title='bbox 254 2731 258 2736; x_wconf 89' lang='grc'><strong>’</strong></span> <span class='ocrx_word' id='word_1_239' title='bbox 280 2727 400 2780; x_wconf 67' lang='lat' dir='ltr'>ominata</span> <span class='ocrx_word' id='word_1_240' title='bbox 421 2743 532 2795; x_wconf 79' lang='lat' dir='ltr'>namque</span> <span class='ocrx_word' id='word_1_241' title='bbox 544 2726 647 2786; x_wconf 78' lang='lat' dir='ltr'>densior</span> <span class='ocrx_word' id='word_1_242' title='bbox 662 2726 800 2794; x_wconf 77' lang='lat' dir='ltr'>mitiorque</span> <span class='ocrx_word' id='word_1_243' title='bbox 819 2726 916 2796; x_wconf 75' lang='lat' dir='ltr'>surgit.</span> <span class='ocrx_word' id='word_1_244' title='bbox 951 2723 1003 2790; x_wconf 77' lang='grc'>35,</span> <span class='ocrx_word' id='word_1_245' title='bbox 1021 2724 1055 2790; x_wconf 84' lang='grc'>9,</span> <span class='ocrx_word' id='word_1_246' title='bbox 1071 2721 1124 2788; x_wconf 74' lang='lat' dir='ltr'>tu,</span> <span class='ocrx_word' id='word_1_247' title='bbox 1142 2717 1186 2778; x_wconf 77' lang='lat'>22.</span> <span class='ocrx_word' id='word_1_248' title='bbox 1212 2730 1270 2776; x_wconf 87' lang='lat' dir='ltr'>tra·</span> 
     </span>
     <span class='ocr_line' id='line_1_31' title="bbox 281 2811 653 2881; baseline -0.008 -16"><span class='ocrx_word' id='word_1_249' title='bbox 281 2814 348 2866; x_wconf 84' lang='lat' dir='ltr'>duat</span> <span class='ocrx_word' id='word_1_250' title='bbox 367 2828 479 2881; x_wconf 78' lang='lat' dir='ltr'>nomque</span> <span class='ocrx_word' id='word_1_251' title='bbox 494 2811 653 2864; x_wconf 71' lang='lat' dir='ltr'>candorius.</span> 
     </span>
    </p>
   </div>
   <div class='ocr_carea' id='block_1_12' title="bbox 293 2928 1378 3018">
    <p class='ocr_par' dir='ltr' id='par_1_24' title="bbox 293 2928 1378 3018">
     <span class='ocr_line' id='line_1_32' title="bbox 293 2928 1378 3018; baseline -0.009 -19"><span class='ocrx_word' id='word_1_252' title='bbox 293 2931 446 3001; x_wconf 88' lang='lat' dir='ltr'>Bremius</span> <span class='ocrx_word' id='word_1_253' title='bbox 472 2929 651 3018; x_wconf 79' lang='lat' dir='ltr'>particulas</span> <span class='ocrx_word' id='word_1_254' title='bbox 672 2931 731 2997; x_wconf 88' lang='lat' dir='ltr'>bas</span> <span class='ocrx_word' id='word_1_255' title='bbox 747 2954 787 2997; x_wconf 90' lang='lat' dir='ltr'>eo</span> <span class='ocrx_word' id='word_1_256' title='bbox 813 2929 1028 3006; x_wconf 87' lang='lat' dir='ltr'>discriminat,</span> <span class='ocrx_word' id='word_1_257' title='bbox 1052 2928 1141 3016; x_wconf 92' lang='lat' dir='ltr'>quod</span> <span class='ocrx_word' id='word_1_258' title='bbox 1165 2949 1269 2992; x_wconf 87' lang='lat' dir='ltr'>nam·</span> <span class='ocrx_word' id='word_1_259' title='bbox 1376 2989 1378 2996; x_wconf 77' lang='grc'>,</span> 
     </span>
    </p>
   </div>
   <div class='ocr_carea' id='block_1_13' title="bbox 212 3008 1270 3276">
    <p class='ocr_par' dir='ltr' id='par_1_25' title="bbox 212 3008 1270 3276">
     <span class='ocr_line' id='line_1_33' title="bbox 213 3008 1270 3110; baseline -0.008 -26"><span class='ocrx_word' id='word_1_260' title='bbox 213 3041 275 3110; x_wconf 83' lang='lat' dir='ltr'>que</span> <span class='ocrx_word' id='word_1_261' title='bbox 299 3039 372 3084; x_wconf 88' lang='lat' dir='ltr'>rem</span> <span class='ocrx_word' id='word_1_262' title='bbox 399 3017 581 3082; x_wconf 86' lang='lat' dir='ltr'>distinctius</span> <span class='ocrx_word' id='word_1_263' title='bbox 599 3008 740 3084; x_wconf 78' lang='lat' dir='ltr'>&#39;definiat</span> <span class='ocrx_word' id='word_1_264' title='bbox 763 3026 795 3082; x_wconf 89' lang='lat' dir='ltr'>et</span> <span class='ocrx_word' id='word_1_265' title='bbox 815 3017 841 3082; x_wconf 87' lang='lat' dir='ltr'>si</span> <span class='ocrx_word' id='word_1_266' title='bbox 864 3015 976 3082; x_wconf 84' lang='lat' dir='ltr'>nificat</span> <span class='ocrx_word' id='word_1_267' title='bbox 998 3014 1162 3095; x_wconf 68' lang='lat' dir='ltr'>deutlich,</span> <span class='ocrx_word' id='word_1_268' title='bbox 1185 3015 1270 3077; x_wconf 78' lang='lat' dir='ltr'>num</span> 
     </span>
     <span class='ocr_line' id='line_1_34' title="bbox 212 3040 1269 3179; baseline -0.008 -7"><span class='ocrx_word' id='word_1_269' title='bbox 212 3105 378 3172; x_wconf 85' lang='lat' dir='ltr'>rationem</span> <span class='ocrx_word' id='word_1_270' title='bbox 397 3102 525 3170; x_wconf 84' lang='lat' dir='ltr'>reddat.</span> <span class='ocrx_word' id='word_1_271' title='bbox 560 3103 721 3170; x_wconf 83' lang='lat' dir='ltr'>Similiter</span> <span class='ocrx_word' id='word_1_272' title='bbox 734 3040 918 3169; x_wconf 67' lang='lat' dir='ltr'>Beneciins</span> <span class='ocrx_word' id='word_1_273' title='bbox 936 3101 976 3165; x_wconf 89' lang='lat' dir='ltr'>ad</span> <span class='ocrx_word' id='word_1_274' title='bbox 991 3099 1107 3166; x_wconf 86' lang='lat' dir='ltr'>lustin.</span> <span class='ocrx_word' id='word_1_275' title='bbox 1125 3107 1155 3179; x_wconf 93' lang='lat'>1,</span> <span class='ocrx_word' id='word_1_276' title='bbox 1170 3101 1200 3175; x_wconf 82' lang='lat'>7,</span> <span class='ocrx_word' id='word_1_277' title='bbox 1219 3103 1269 3164; x_wconf 88' lang='grc'><strong>19.</strong></span> 
     </span>
     <span class='ocr_line' id='line_1_35' title="bbox 212 3184 1268 3276; baseline -0.01 -18"><span class='ocrx_word' id='word_1_278' title='bbox 212 3213 286 3258; x_wconf 87' lang='lat' dir='ltr'>rem</span> <span class='ocrx_word' id='word_1_279' title='bbox 302 3189 455 3256; x_wconf 84' lang='lat' dir='ltr'>declarat.</span> <span class='ocrx_word' id='word_1_280' title='bbox 498 3189 671 3255; x_wconf 87' lang='lat' dir='ltr'>Dronkius</span> <span class='ocrx_word' id='word_1_281' title='bbox 689 3189 854 3255; x_wconf 82' lang='lat' dir='ltr'>adTacit.</span> <span class='ocrx_word' id='word_1_282' title='bbox 865 3193 942 3276; x_wconf 82' lang='lat' dir='ltr'>Agr.</span> <span class='ocrx_word' id='word_1_283' title='bbox 958 3191 989 3252; x_wconf 88' lang='lat'>8.</span> <span class='ocrx_word' id='word_1_284' title='bbox 1008 3197 1040 3251; x_wconf 92' lang='lat' dir='ltr'>et</span> <span class='ocrx_word' id='word_1_285' title='bbox 1054 3184 1268 3252; x_wconf 85' lang='lat' dir='ltr'>Frotscherus</span> 
     </span>
    </p>
   </div>
   <div class='ocr_carea' id='block_1_14' title="bbox 100 3268 1268 3359">
    <p class='ocr_par' dir='ltr' id='par_1_26' title="bbox 100 3268 1268 3359">
     <span class='ocr_line' id='line_1_36' title="bbox 100 3268 1268 3359; baseline -0.01 -16"><span class='ocrx_word' id='word_1_286' title='bbox 100 3279 104 3286; x_wconf 81' lang='grc'><strong>’</strong></span> <span class='ocrx_word' id='word_1_287' title='bbox 214 3271 505 3359; x_wconf 76' lang='lat' dir='ltr'>adQuintil.&#39;10,</span> <span class='ocrx_word' id='word_1_288' title='bbox 531 3279 569 3352; x_wconf 88' lang='lat'>1,</span> <span class='ocrx_word' id='word_1_289' title='bbox 597 3277 648 3342; x_wconf 86' lang='grc'>15.</span> <span class='ocrx_word' id='word_1_290' title='bbox 686 3298 757 3358; x_wconf 84' lang='lat' dir='ltr'>esse</span> <span class='ocrx_word' id='word_1_291' title='bbox 789 3275 967 3342; x_wconf 89' lang='lat' dir='ltr'>discrimen</span> <span class='ocrx_word' id='word_1_292' title='bbox 994 3271 1176 3348; x_wconf 82' lang='lat' dir='ltr'>affirmant,</span> <span class='ocrx_word' id='word_1_293' title='bbox 1210 3268 1268 3333; x_wconf 88' lang='lat' dir='ltr'>sed</span> 
     </span>
    </p>
   </div>
   <div class='ocr_carea' id='block_1_15' title="bbox 119 3359 1304 4224">
    <p class='ocr_par' dir='ltr' id='par_1_27' title="bbox 119 3359 1268 3450">
     <span class='ocr_line' id='line_1_37' title="bbox 119 3359 1268 3450; baseline -0.01 -20"><span class='ocrx_word' id='word_1_294' title='bbox 119 3369 121 3376; x_wconf 87' lang='lat'>&#39;</span> <span class='ocrx_word' id='word_1_295' title='bbox 213 3363 311 3450; x_wconf 87' lang='lat' dir='ltr'>quale</span> <span class='ocrx_word' id='word_1_296' title='bbox 329 3364 455 3427; x_wconf 87' lang='lat' dir='ltr'>sitnon</span> <span class='ocrx_word' id='word_1_297' title='bbox 472 3360 658 3426; x_wconf 69' lang='lat' dir='ltr'>declarante</span> <span class='ocrx_word' id='word_1_298' title='bbox 679 3361 733 3426; x_wconf 89' lang='lat' dir='ltr'>hic</span> <span class='ocrx_word' id='word_1_299' title='bbox 745 3373 858 3426; x_wconf 85' lang='lat' dir='ltr'>tamen</span> <span class='ocrx_word' id='word_1_300' title='bbox 877 3368 1053 3446; x_wconf 72' lang='lat' dir='ltr'>comparat</span> <span class='ocrx_word' id='word_1_301' title='bbox 1065 3359 1268 3422; x_wconf 87' lang='lat' dir='ltr'>Graecorum</span> 
     </span>
    </p>

    <p class='ocr_par' dir='ltr' id='par_1_28' title="bbox 120 3439 1304 4224">
     <span class='ocr_line' id='line_1_38' title="bbox 166 3439 1269 3536; baseline -0.01 -21"><span class='ocrx_word' id='word_1_302' title='bbox 166 3507 171 3524; x_wconf 87' lang='grc'><em>,</em></span> <span class='ocrx_word' id='word_1_303' title='bbox 213 3446 270 3536; x_wconf 73' lang='grc' dir='ltr'>γάρ</span> <span class='ocrx_word' id='word_1_304' title='bbox 294 3458 327 3514; x_wconf 90' lang='lat' dir='ltr'>et</span> <span class='ocrx_word' id='word_1_305' title='bbox 349 3449 401 3514; x_wconf 77' lang='lat' dir='ltr'>aol</span> <span class='ocrx_word' id='word_1_306' title='bbox 422 3442 490 3532; x_wconf 76' lang='grc' dir='ltr'><strong>γάρ.</strong></span> <span class='ocrx_word' id='word_1_307' title='bbox 540 3446 715 3520; x_wconf 76' lang='lat' dir='ltr'>Marabius</span> <span class='ocrx_word' id='word_1_308' title='bbox 746 3445 788 3512; x_wconf 84' lang='lat' dir='ltr'>ad</span> <span class='ocrx_word' id='word_1_309' title='bbox 821 3443 1074 3510; x_wconf 71' lang='lat' dir='ltr'>Comei-Mili.</span> <span class='ocrx_word' id='word_1_310' title='bbox 1101 3448 1140 3524; x_wconf 88' lang='lat'>1,</span> <span class='ocrx_word' id='word_1_311' title='bbox 1163 3446 1197 3506; x_wconf 91' lang='grc'>2.</span> <span class='ocrx_word' id='word_1_312' title='bbox 1227 3439 1269 3505; x_wconf 90' lang='lat' dir='ltr'>de</span> 
     </span>
     <span class='ocr_line' id='line_1_39' title="bbox 213 3530 1268 3624; baseline -0.012 -23"><span class='ocrx_word' id='word_1_313' title='bbox 213 3557 378 3624; x_wconf 79' lang='lat' dir='ltr'>namque:</span> <span class='ocrx_word' id='word_1_314' title='bbox 409 3532 517 3615; x_wconf 90' lang='lat' dir='ltr'>„huic</span> <span class='ocrx_word' id='word_1_315' title='bbox 542 3533 634 3602; x_wconf 86' lang='lat' dir='ltr'>enirn</span> <span class='ocrx_word' id='word_1_316' title='bbox 661 3544 736 3597; x_wconf 87' lang='lat' dir='ltr'>tum</span> <span class='ocrx_word' id='word_1_317' title='bbox 770 3532 905 3598; x_wconf 85' lang='lat' dir='ltr'>demum</span> <span class='ocrx_word' id='word_1_318' title='bbox 935 3530 1028 3596; x_wconf 91' lang='lat' dir='ltr'>locus</span> <span class='ocrx_word' id='word_1_319' title='bbox 1059 3538 1127 3606; x_wconf 86' lang='lat' dir='ltr'>est,</span> <span class='ocrx_word' id='word_1_320' title='bbox 1164 3547 1268 3613; x_wconf 83' lang='lat' dir='ltr'>quum</span> 
     </span>
     <span class='ocr_line' id='line_1_40' title="bbox 215 3612 1269 3698; baseline -0.012 -10"><span class='ocrx_word' id='word_1_321' title='bbox 215 3631 333 3689; x_wconf 85' lang='lat' dir='ltr'>auctor</span> <span class='ocrx_word' id='word_1_322' title='bbox 353 3620 578 3685; x_wconf 88' lang='lat' dir='ltr'>narrationem</span> <span class='ocrx_word' id='word_1_323' title='bbox 602 3629 659 3686; x_wconf 89' lang='lat' dir='ltr'>aut</span> <span class='ocrx_word' id='word_1_324' title='bbox 674 3617 864 3688; x_wconf 87' lang='lat' dir='ltr'>uberiorem</span> <span class='ocrx_word' id='word_1_325' title='bbox 889 3638 931 3682; x_wconf 84' lang='lat' dir='ltr'>ex</span> <span class='ocrx_word' id='word_1_326' title='bbox 959 3615 1135 3692; x_wconf 83' lang='lat' dir='ltr'>ositionem</span> <span class='ocrx_word' id='word_1_327' title='bbox 1157 3612 1269 3698; x_wconf 86' lang='lat' dir='ltr'>ingre-</span> 
     </span>
     <span class='ocr_line' id='line_1_41' title="bbox 152 3699 1267 3794; baseline -0.01 -23"><span class='ocrx_word' id='word_1_328' title='bbox 152 3721 155 3728; x_wconf 84' lang='lat'>&#39;</span> <span class='ocrx_word' id='word_1_329' title='bbox 215 3705 324 3773; x_wconf 78' lang='lat' dir='ltr'>diturz</span> <span class='ocrx_word' id='word_1_330' title='bbox 356 3706 415 3772; x_wconf 88' lang='lat' dir='ltr'>ubi</span> <span class='ocrx_word' id='word_1_331' title='bbox 439 3715 549 3771; x_wconf 87' lang='lat' dir='ltr'>autem</span> <span class='ocrx_word' id='word_1_332' title='bbox 571 3699 713 3789; x_wconf 57' lang='lat' dir='ltr'>nonnisi*</span> <span class='ocrx_word' id='word_1_333' title='bbox 733 3705 845 3794; x_wconf 88' lang='lat' dir='ltr'>paucis</span> <span class='ocrx_word' id='word_1_334' title='bbox 877 3723 914 3766; x_wconf 84' lang='lat' dir='ltr'>re</span> <span class='ocrx_word' id='word_1_335' title='bbox 940 3701 1046 3767; x_wconf 89' lang='lat' dir='ltr'>denda</span> <span class='ocrx_word' id='word_1_336' title='bbox 1077 3710 1126 3763; x_wconf 89' lang='lat' dir='ltr'>est</span> <span class='ocrx_word' id='word_1_337' title='bbox 1153 3717 1267 3762; x_wconf 82' lang='lat' dir='ltr'>caussa</span> 
     </span>
     <span class='ocr_line' id='line_1_42' title="bbox 214 3781 1304 3880; baseline -0.01 -22"><span class='ocrx_word' id='word_1_338' title='bbox 214 3814 352 3868; x_wconf 82' lang='lat' dir='ltr'>corum,</span> <span class='ocrx_word' id='word_1_339' title='bbox 374 3813 457 3878; x_wconf 89' lang='lat' dir='ltr'>quaa</span> <span class='ocrx_word' id='word_1_340' title='bbox 472 3790 729 3880; x_wconf 81' lang='lat' dir='ltr'>praecedebant,</span> <span class='ocrx_word' id='word_1_341' title='bbox 752 3787 946 3878; x_wconf 87' lang='lat' dir='ltr'>praesertim</span> <span class='ocrx_word' id='word_1_342' title='bbox 963 3787 991 3851; x_wconf 88' lang='lat' dir='ltr'>si</span> <span class='ocrx_word' id='word_1_343' title='bbox 1011 3805 1117 3872; x_wconf 89' lang='lat' dir='ltr'>neque</span> <span class='ocrx_word' id='word_1_344' title='bbox 1132 3781 1269 3862; x_wconf 85' lang='lat' dir='ltr'>vocalis,</span> <span class='ocrx_word' id='word_1_345' title='bbox 1296 3839 1304 3847; x_wconf 83' lang='grc'>,</span> 
     </span>
     <span class='ocr_line' id='line_1_43' title="bbox 120 3871 1268 3966; baseline -0.015 -19"><span class='ocrx_word' id='word_1_346' title='bbox 120 3924 122 3939; x_wconf 60' lang='lat'>1</span> <span class='ocrx_word' id='word_1_347' title='bbox 213 3900 322 3966; x_wconf 89' lang='lat' dir='ltr'>neque</span> <span class='ocrx_word' id='word_1_348' title='bbox 351 3899 387 3941; x_wconf 91' lang='lat' dir='ltr'>m</span> <span class='ocrx_word' id='word_1_349' title='bbox 419 3879 584 3966; x_wconf 86' lang='lat' dir='ltr'>sequitur,</span> <span class='ocrx_word' id='word_1_350' title='bbox 619 3885 735 3942; x_wconf 88' lang='lat' dir='ltr'>noster</span> <span class='ocrx_word' id='word_1_351' title='bbox 761 3871 1106 3958; x_wconf 72' lang='lat' dir='ltr'>(Corneliuslntitur</span> <span class='ocrx_word' id='word_1_352' title='bbox 1140 3872 1268 3934; x_wconf 85' lang='lat' dir='ltr'>aam.“</span> 
     </span>
     <span class='ocr_line' id='line_1_44' title="bbox 214 3953 1269 4052; baseline -0.01 -24"><span class='ocrx_word' id='word_1_353' title='bbox 214 3963 309 4048; x_wconf 88' lang='lat' dir='ltr'>Quae</span> <span class='ocrx_word' id='word_1_354' title='bbox 321 3963 437 4052; x_wconf 90' lang='lat' dir='ltr'>paullo</span> <span class='ocrx_word' id='word_1_355' title='bbox 452 3961 632 4028; x_wconf 86' lang='lat' dir='ltr'>accuratius</span> <span class='ocrx_word' id='word_1_356' title='bbox 648 3971 729 4026; x_wconf 86' lang='lat' dir='ltr'>aunt</span> <span class='ocrx_word' id='word_1_357' title='bbox 749 3955 988 4028; x_wconf 89' lang='lat' dir='ltr'>constituenda.</span> <span class='ocrx_word' id='word_1_358' title='bbox 1032 3955 1059 4021; x_wconf 94' lang='lat' dir='ltr'>li</span> <span class='ocrx_word' id='word_1_359' title='bbox 1074 3954 1164 4021; x_wconf 88' lang='lat' dir='ltr'>enim</span> <span class='ocrx_word' id='word_1_360' title='bbox 1182 3953 1269 4018; x_wconf 89' lang='lat' dir='ltr'>scri·-</span> 
     </span>
     <span class='ocr_line' id='line_1_45' title="bbox 214 4039 1272 4140; baseline -0.012 -26"><span class='ocrx_word' id='word_1_361' title='bbox 214 4059 337 4140; x_wconf 79' lang='lat' dir='ltr'>ptoras‚</span> <span class='ocrx_word' id='word_1_362' title='bbox 353 4049 571 4137; x_wconf 83' lang='lat' dir='ltr'>quinamque</span> <span class='ocrx_word' id='word_1_363' title='bbox 586 4067 655 4113; x_wconf 88' lang='lat' dir='ltr'>non</span> <span class='ocrx_word' id='word_1_364' title='bbox 671 4046 735 4112; x_wconf 90' lang='lat' dir='ltr'>alio</span> <span class='ocrx_word' id='word_1_365' title='bbox 751 4045 976 4140; x_wconf 86' lang='lat' dir='ltr'>quamprimo</span> <span class='ocrx_word' id='word_1_366' title='bbox 992 4039 1173 4108; x_wconf 86' lang='lat' dir='ltr'>sententiae</span> <span class='ocrx_word' id='word_1_367' title='bbox 1187 4039 1272 4104; x_wconf 72' lang='lat' dir='ltr'>locos</span> 
     </span>
     <span class='ocr_line' id='line_1_46' title="bbox 213 4127 1266 4224; baseline -0.013 -23"><span class='ocrx_word' id='word_1_368' title='bbox 213 4143 416 4224; x_wconf 81' lang='lat' dir='ltr'>posuerunt,</span> <span class='ocrx_word' id='word_1_369' title='bbox 435 4131 587 4202; x_wconf 87' lang='lat' dir='ltr'>nectendi</span> <span class='ocrx_word' id='word_1_370' title='bbox 604 4132 671 4198; x_wconf 83' lang='lat' dir='ltr'>vim</span> <span class='ocrx_word' id='word_1_371' title='bbox 688 4133 858 4220; x_wconf 82' lang='lat' dir='ltr'>agnoviase</span> <span class='ocrx_word' id='word_1_372' title='bbox 880 4129 1051 4198; x_wconf 76' lang='lat' dir='ltr'>videntur:</span> <span class='ocrx_word' id='word_1_373' title='bbox 1073 4127 1161 4194; x_wconf 86' lang='lat' dir='ltr'>inter</span> <span class='ocrx_word' id='word_1_374' title='bbox 1182 4145 1266 4212; x_wconf 83' lang='lat' dir='ltr'>quos</span> 
     </span>
    </p>
   </div>
   <div class='ocr_carea' id='block_1_16' title="bbox 0 0 1421 4712">
    <p class='ocr_par' dir='ltr' id='par_1_29' title="bbox 0 0 1421 4712">
     <span class='ocr_line' id='line_1_47' title="bbox 0 0 1421 4712; baseline 0 0"><span class='ocrx_word' id='word_1_375' title='bbox 0 0 1421 4712; x_wconf 95' lang='lat' dir='ltr'> </span> 
     </span>
    </p>
   </div>
  </div>
 </body>
</html>
