2858 4714
478 296 578 368 ucc.
617 295 788 408 unove.
1103 297 1163 362 111

180 478 237 540 20.
260 461 318 540 Es
341 489 410 558 quo
434 469 638 536 Thomasius
657 468 692 534 in
714 464 898 532 'l'ursellini
919 463 1007 530 libro
1028 465 1164 530 monuit

106 580 161 624 nec
177 581 285 624 nona
307 557 478 622 latinitatis
496 555 688 622 auctoribus
710 556 755 618 ita
781 552 905 618 dictum
920 575 1008 628 esse,
1031 561 1070 616 ut
1092 575 1162 618 noo

104 645 282 711 referretur
301 643 343 708 ad
364 641 501 708 verbum
521 641 651 708 aliudve
665 661 810 722 nomen,
831 661 872 703 ne
897 637 1162 724 neclegentiam,

106 753 184 816 quae
200 730 293 796 nulla
310 739 413 810 esset,
439 727 659 814 quaerendam
678 727 796 791 esseio
820 661 984 814 duplicata
1008 725 1162 814 negatio-
1207 745 1210 758 ’

47 833 49 838 ’
103 839 157 898 ne,
198 817 254 881 clii
285 815 384 880 multi
416 815 633 889 exstiterunt,
668 816 724 898 qui
748 812 927 891 docerent,
962 810 1161 876 Ciceronem

103 903 249 989 aliosque
265 903 450 987 scriptores
464 901 574 968 bonos
593 900 732 982 omnino
752 898 947 962 abstinuisse
967 897 1008 960 ab
1026 897 1088 962 hac
1107 899 1161 961 di·

102 990 223 1054 ctione.
268 991 377 1073 Atque
396 989 547 1052 Ciceroni
568 985 818 1073 conplacuisse
839 984 967 1048 videtur
982 981 1062 1048 haec
1084 981 1160 1048 fcr-

101 1097 169 1151 ma,
200 1096 269 1162 qua
288 1071 415 1159 duplex
432 1073 561 1160 negatio
577 1093 642 1158 pro
660 1082 693 1136 et
714 1080 916 1157 poneretur,
937 1067 995 1132 sed
1013 1092 1075 1134 nec
1088 1093 1158 1133 non

100 1161 180 1226 dixit
207 1182 279 1224 uno
304 1157 494 1246 pluribusve
519 1156 683 1222 vocabulis
710 1156 931 1244 interpositis,
962 1164 1001 1217 ut
1026 1156 1158 1242 negatio

101 1245 233 1312 facilius
253 1243 369 1332 posse't
392 1245 432 1309 od
459 1245 594 1309 verbum
619 1242 816 1326 primarium
841 1239 979 1312 referri,
1012 1261 1159 1328 quocum

101 1333 327 1420 compositum
354 1329 511 1394 maiorem
542 1327 714 1395 exhiberet
736 1325 1004 1391 affirmationem.
1053 1327 1184 1414 ldque¹

102 1418 270 1482 nonnullis
286 1419 321 1480 in
334 1416 416 1480 locis
437 1414 576 1490 artificio
593 1414 739 1502 quodam
754 1423 802 1477 est
817 1422 1062 1498 consequutus:
1086 1413 1157 1478 vel·

102 1507 145 1568 nti
167 1503 210 1568 de
239 1503 336 1566 Orat.
365 1510 392 1578 l,
414 1503 461 1577 14,
484 1506 536 1566 et.
576 1523 656 1568 nec.
691 1501 723 1563 si
746 1499 826 1562 linio
849 1499 894 1562 M.
917 1499 1071 1562 Antonio
1090 1521 1157 1584 pro

105 1587 322 1668 Hermodoro
314 1585 449 1736 suisset
468 1586 512 1651 de
525 1585 703 1651 navalium
727 1606 828 1672 opere
851 1582 1053 1660 dicendum,
1076 1607 1158 1664 non,

106 1697 202 1762 pam
215 1673 260 1740 ab
285 1673 348 1737 ilo
369 1695 529 1738 caussam
547 1671 744 1747 didicisset,
766 1671 840 1756 ipse
853 1681 976 1734 ornate
1000 1669 1044 1734 de
1066 1670 1157 1735 alie·

101 1777 149 1824 ‘no
172 1757 321 1847 artificio
341 1759 537 1845 copioseque
559 1757 712 1822 dixisset.
756 1756 820 1821 Vbi
848 1757 949 1841 igitur
973 1778 1079 1843 oeque
1102 1766 1156 1821 ot-

106 1847 224 1932 tingere
239 1845 371 1910 videtur
384 1868 471 1926 noa,
497 1843 561 1907 hoo
579 1843 697 1908 maiori
717 1862 794 1906 cnm
813 1843 844 1908 vi
863 1843 1007 1942 pertinet
1022 1843 1062 1907 ad
1079 1863 1156 1908 ver-

105 1931 189 1997 bum.
233 1931 299 1995 Sed
325 1939 453 1994 tanturn
478 1929 603 2010 abfuit,
625 1939 660 1993 ut
684 1928 839 1993 Ciceroni
860 1929 1051 2015 incognitus
1063 1939 1155 1994 esset

101 2019 151 2083 ille
168 2039 268 2095 usus,
292 2027 330 2080 nt
345 2016 483 2081 oonsilio
506 2017 546 2080 ab
571 2037 611 2080 eo
633 2013 825 2101 repudiatus
847 2013 1023 2078 videretur.
1067 2014 1155 2080 Nam
1187 2059 1192 2102 ,

101 2105 180 2168 dixit
198 2125 306 2190 neque
321 2126 390 2167 non
405 2113 533 2166 tamen.
578 2098 641 2168 Sed
664 2102 824 2166 idoneum
847 2112 1017 2165 auctorem
1039 2123 1156 2188 grem-

99 2191 214 2255 matlcl·
232 2186 378 2253 afferunt
399 2188 604 2264 Varronem,
629 2189 685 2272 qui
708 2187 916 2268 saepius'nec
942 2209 1010 2250 non
1028 2209 1093 2270 pro
1120 2195 1154 2254 et
1189 2231 1193 2238 -
1250 2219 1252 2224 ·
1332 2258 1336 2272 ,

98 2275 317 2363 usurpaverit.
360 2272 417 2338 llle
434 2274 522 2337 enim
539 2275 577 2337 in'
592 2272 684 2338 libris
702 2271 805 2337 delle
826 2273 949 2338 rustica
972 2271 1056 2337 nibil
1080 2271 1155 2338 fre·-

99 2363 251 2448 qu'eutius
274 2357 420 2446 scrip‘siti
441 2359 475 2423 in
501 2357 592 2424 libris
616 2357 655 2422 dc
676 2357 800 2444 Lingua
827 2356 927 2424 latina
949 2380 1153 2446 numquame

97 2448 180 2512 unde
208 2446 358 2532 suspicio
382 2443 553 2510 suboritur
588 2443 628 2508 de
658 2439 786 2508 diversa
816 2443 953 2510 illorum
984 2446 1153 2512 librorum

98 2535 235 2620 origine.
281 2533 400 2596 Poetae
416 2530 517 2615 igitur
537 2529 699 2614 temporis
716 2530 864 2618 augustei
887 2536 983 2604 sunt,
1007 2552 1153 2618 quorum

96 2619 127 2682 in
143 2617 348 2684 carminibus
369 2626 459 2680 certa
473 2614 570 2680 huius
594 2615 745 2680 dictionis
766 2624 928 2701 apparent
943 2615 1154 2700 documenta,

98 2725 216 2790 eosque
230 2703 351 2768 imitati
368 2712 446 2766 sunt
467 2695 664 2786 posterioris
681 2701 792 2766 aetatis
815 2701 1003 2788 scriptores·
1045 2697 1153 2768 Iidem
1172 2705 1174 2708 ’

98 2787 293 2876 addiderunt
319 2788 401 2853 adeo
427 2787 555 2874 etiam,
584 2794 637 2872 et,
667 2796 706 2851 ut
736 2789 912 2852 essetnec
940 2809 1009 2853 noa
1032 2782 1153 2872 etiam,

97 2897 154 2942 aec
171 2886 302 2942 nocet.
365 2937 368 2944 ,

208 3025 268 3084 Ci'c.
297 3048 324 3099 pi
347 3031 429 3106 Rosa.
455 3023 516 3085 ln.
542 3020 585 3096 15,
608 3026 652 3085 45.
685 3037 766 3100 etque
798 3025 863 3084 tata
889 3031 920 3086 ln
940 3028 1154 3100 'canistelllgin

159 3123 188 3184 p.
200 3115 263 3167 Mil.
279 3106 380 3185 3236.
399 3121 446 3168 ott
461 3119 519 3169 uero
534 3131 587 3169 noo
603 3117 692 3168 cadem
703 3117 746 3169 ira
761 3116 947 3169 decantans
964 3114 1018 3169 eim
1031 3115 1154 3169 satelliti*

160 3201 207 3254 bne
228 3199 319 3254 iniecit
341 3202 495 3266 cameram,
520 3207 551 3254 at
573 3205 623 3254 stc.
653 3197 691 3252 ete
711 3195 774 3253 Dii.
787 3189 815 3266 2,
829 3199 873 3265 dd,
892 3197 935 3253 ⁸11.
953 3209 1001 3254 nec
1019 3205 1078 3252 dero
1100 3217 1151 3252 nou

160 3284 229 3336 omni
252 3287 379 3354 supplicio
402 3275 481 3356 digni
505 3285 534 3339 P.
560 3287 687 3339 Clttndius
707 3287 738 3338 Ia.
755 3287 846 3340 locine
867 3287 988 3339 consulere
1023 3281 1150 3352 rurae,

157 3363 185 3432 t,
199 3367 224 3422 4.
243 3369 273 3422 n
289 3363 370 3423 cain.
385 3366 454 3435 4,·e‚
468 3359 495 3422 t.
512 3387 559 3424 nes
575 3373 664 3425 tamea
681 3381 731 3440 ego
746 3375 804 3424 am
826 3369 871 3424 tite
887 3374 1005 3436 feneas,
1025 3373 1070 3440 ,a
1085 3373 1152 3438 fra·

160 3455 207 3507 tria
222 3454 354 3507 carissimi
371 3469 405 3492 ''—
422 3465 536 3508 mcerote
560 3459 610 3506 iton
636 3459 740 3508 inddedr
759 3469 809 3508 ι’-.·
833 3463 915 3523 neque
934 3463 1020 3508 metten
1031 3447 1151 3509 'mentem

161 3551 211 3591 nort
225 3529 332 3592 domam
346 3549 425 3607 stepo
445 3546 547 3592 reducat
569 3539 721 3594 exanimata
739 3547 824 3593 notre
846 3538 971 3604 Turn&
987 3539 1013 3606 l,
1030 3539 1057 3592 1.
1090 3535 1150 3592 Ali·

161 3631 292 3692 qnantum
314 3615 448 3677 differant
470 3624 556 3678 baeer
571 3623 617 3703 ,⁶9
632 3620 694 3676 Fin.
711 3623 737 3689 2,
754 3621 780 3688 5,
793 3621 837 3678 15.
857 3618 987 3694 lipieoras
1009 3631 1094 3678 actam
1112 3645 1147 3665 ⁸-

160 3725 203 3760 nec
216 3725 269 3761 aon
284 3710 358 3774 cult,
376 3710 400 3762 ei
416 3711 514 3780 possit,
531 3711 611 3780 plane
626 3716 652 3785 et
672 3717 759 3779 operte
773 3709 858 3778 loqui,
875 3727 923 3762 nac
940 3711 1014 3761 dere
1030 3708 1147 3769 obscura,
1202 3767 1203 3770 Ἴ

161 3793 208 3845 ubi
222 3782 360 3846 mirabilis
378 3799 466 3847 eistat
486 3793 635 3847 Goerenzii
649 3799 723 3847 note.
757 3795 861 3848 Brutus
873 3793 908 3848 ed
923 3791 981 3848 Cic.
996 3789 1084 3864 Epist.
1101 3791 1147 3862 11,

158 3869 199 3941 2⁰,
216 3875 243 3928 t.
263 3895 344 3945 neque
358 3869 511 3932 tamennon
525 3887 551 3934 te
568 3888 672 3933 contum
688 3895 740 3933 esse
754 3879 820 3938 volt·
1118 3865 1121 3873 i

202 3967 284 4032 ov'nl.
300 3969 386 4034 Trici.
398 3979 426 4046 4,
443 3959 528 4048 ibib.
544 3969 629 4037 editos
645 3969 688 4036 tte
702 3992 753 4056 a'gc
765 3985 833 4049 snm,
850 3989 895 4038 nee
907 3991 969 4049 aas,
980 3990 1010 4038 ut
1026 3991 1147 4058 temporo

129 4073 131 4084 ⁴
158 4060 240 4130 toris,
260 4073 339 4132 portat
363 4056 453 4120 coemit
467 4056 533 4135 ,fulb
558 4060 645 4122 consti
667 4067 774 4138 tietqlte
789 4056 863 4138 pori.
896 4068 966 4122 Iler.
980 4068 1007 4136 4,
1020 4069 1063 4124 tit.
1082 4081 1144 4129 tono
1184 4066 1187 4075 ⁴

71 4225 76 4240 Ι
159 4147 222 4202 atet
231 4151 389 4222 praecipue,
405 4167 449 4244 nep
463 4167 513 4208 son
529 4159 618 4212 tameo
632 4155 856 4226 ante,'ptooetor·
887 4153 956 4214 Mat
972 4153 1000 4225 7,
1015 4154 1075 4212 alt.
1092 4160 1143 4214 ati-
