2844 4716
377 327 379 341 .
473 280 821 354 rnusrsunu..
878 231 922 340 J
1103 279 1169 357 ‘ne

110 455 186 523 dem
200 466 309 548 tepea,
325 475 356 520 at
372 452 484 520 diens.
513 457 686 542 Augustis.
702 455 743 520 de
759 453 911 523 Granum.
934 477 969 546 p.
989 444 1088 526 9910.
1103 459 1168 536 de·

103 542 364 632 prehenderetur
378 563 419 606 en
435 553 593 630 utroque,
614 553 652 608 ut
663 541 876 629 pedetentim
897 567 918 608 n
939 544 1031 631 pede
1044 557 1077 610 et
1094 557 1167 612 ten-

109 641 153 708 to,
175 627 215 692 id
237 639 298 699 est.
321 649 343 692 a
368 627 505 692 nomine
526 629 631 693 simut
658 639 691 693 et
719 627 833 694 verbo.
878 628 1001 695 Donet.
1028 630 1076 696 ad
1094 632 1167 696 Te-

109 726 192 780 rent.
216 713 353 778 Phorm.
372 719 405 792 8,
425 719 458 792 3,
483 719 533 780 19.
559 726 669 790 aurite,
691 711 896 800 etpedibus,
929 727 962 781 et
986 716 1180 784 tentanda.

111 803 186 882 Quo
208 801 312 863 modo
339 810 464 864 veteres
496 799 702 887 grammatici
725 799 764 864 ad
789 799 925 866 verbum
949 809 1168 873 tentare're-

73 914 74 920 ¹
109 887 298 974 reperierint,
321 895 480 974 exputare
503 909 571 950 nun
594 907 744 973 possum.
776 883 917 972 Propius
935 898 1004 952 erat
1021 888 1168 954 vocabu·

109 973 176 1038 lum
207 969 357 1048 tendere,
390 970 481 1058 quud
522 971 715 1036 substruens
756 972 977 1038 Doedarlinus
1015 971 1166 1063 Etymol.

109 1057 151 1122 T.
167 1064 198 1123 3.
225 1081 258 1140 p.
282 1061 336 1120 94.
355 1055 632 1145 significationem
657 1057 769 1122 statuit
791 1055 893 1124 hunc:
924 1058 1063 1142 pedibus
1089 1071 1167 1124 ten-

109 1143 185 1208 dere
208 1143 246 1206 ad
266 1163 428 1229 scapumz
451 1145 565 1232 inqua
591 1144 720 1208 nullum
744 1154 881 1231 apparet
905 1143 985 1209 lenti
1009 1167 1168 1234 progres-

99 1239 162 1294 'sus
177 1227 355 1294 indicium:
397 1251 474 1294 nam
498 1230 639 1318 pedibus
664 1252 732 1294 non
757 1253 890 1318 semper
904 1229 991 1296 lente
1008 1233 1167 1320 proaedi-

109 1338 193 1380 mus.
235 1313 307 1396 ‚tam
324 1313 424 1378 Gerh.
447 1317 582 1382 Vossius
597 1316 631 1380 in
652 1315 804 1380 Gratum.
831 1340 863 1400 ρ.
883 1319 955 1380 159.
975 1317 1165 1405 scripserat:

104 1399 315 1490 pedetentim
339 1401 431 1486 quasi
457 1401 574 1488 pedem
597 1400 778 1466 tendendo.
823 1401 890 1466 Sed
909 1400 1011 1466 'iiiam'
1031 1414 1060 1486 et
1089 1427 1168 1468 mo-

109 1487 230 1572 iogiam
250 1509 267 1548 a
284 1487 504 1572 grammaticis
528 1485 689 1553 veteribus
709 1483 904 1552 institutam·
922 1426 1168 1575 comproiiava·

109 1582 186 1637 runt
204 1571 301 1636 etium
319 1571 353 1651 ii,
376 1573 431 1658 qui
446 1571 689 1660 pedetemptim
713 1571 928 1661 scripserunt,
951 1573 1041 1660 quod
1058 1575 1091 1638 in
1107 1598 1168 1639 co-

111 1657 236 1722 dicibus
254 1679 350 1744 saepe
366 1657 498 1746 iegitur.
534 1659 617 1723 Vide
639 1658 775 1723 Bentlei.
801 1659 841 1724 ad
867 1658 1004 1725 Terent.
1029 1660 1167 1729 Phorm-

109 1749 140 1817 9,
160 1750 190 1820 3,
210 1746 260 1807 19.
295 1745 428 1828 Legitur
449 1745 545 1808 etiarn
575 1744 808 1830 pedetemtim.
849 1747 892 1810 At
915 1743 997 1812 haee
1023 1767 1065 1813 ex
1086 1745 1168 1816 falsa

109 1829 260 1896 doctrina
279 1829 427 1916 proiectu
444 1831 563 1894 imitari
577 1853 647 1895 non
664 1831 768 1897 decet.
813 1879 816 1883 -
863 1843 865 1848 '

196 1930 369 2015 Origiuem
385 1953 478 1995 suam
496 1933 605 2022 ipsum
626 1930 825 1996 vocabulum
843 1953 974 2020 praese
996 1929 1074 1998 fert.
1105 1931 1166 1998 Est

111 2021 198 2084 euim
218 2017 342 2102 pedem
362 2027 493 2093 tenere.
529 2019 620 2104 quod
647 2016 809 2103 significat
841 2030 933 2084 reato
960 2018 1168 2106 graduprn-

110 2103 234 2170 cedere.
282 2103 397 2194 Neque
413 2103 513 2252 ipitur
536 2105 576 2168 tie
593 2105 632 2170 iis
655 2106 785 2181 dieitur,
811 2105 867 2204 qui
892 2106 1088 2192 priusquam
1107 2127 1169 2193 pe-
1246 2177 1250 2188 ‚

109 2189 184 2254 dem
209 2199 353 2274 ponunt,
382 2211 420 2252 so
438 2211 492 2254 um
517 2200 661 2264 tentant.
686 2191 795 2261 sicuti
820 2213 853 2254 tn
877 2191 1022 2256 tenebris
1049 2201 1103 2254 aut
1131 2191 1168 2256 itt

109 2269 206 2340 motii
221 2273 295 2338 soto
312 2263 602 2342 iacere'soiemus:
624 2297 707 2362 quae
722 2286 770 2340 est
783 2273 957 2342 Furaellini
978 2287 1011 2340 et
1037 2276 1168 2344 Kiotm'i

105 2359 293 2426 'sententiae
315 2359 372 2427 sed
396 2361 452 2446 qui
469 2363 588 2448 pedem
605 2371 728 2438 tenent,
751 2361 878 2446 aequati
903 2372 935 2425 et
955 2362 1044 2426 lento
1063 2362 1169 2450 gradu

110 2445 307 2534 procedunt.
341 2446 413 2509 Hoc
440 2447 579 2510 dicimus
599 2447 729 2511 Seirritt
752 2468 817 2509 var
833 2445 973 2510 Sciaritt.
1018 2447 1170 2532 Compa-

109 2533 177 2598 rari
189 2540 328 2619 possunt
343 2531 456 2594 oeulos
473 2544 596 2612 tenere,
618 2543 650 2596 et
665 2532 705 2600 ad
731 2553 803 2596 rem
825 2530 916 2617 quod
941 2531 1069 2612 attinet,
1090 2555 1170 2599 cur-

108 2640 203 2698 sum,
223 2616 319 2680 vium
340 2629 463 2682 tenere.

197 2733 226 2813 t.
249 2726 378 2790 Dicitur
387 2726 602 2814 pedetentim
617 2725 658 2789 de
670 2747 776 2812 aequo
794 2724 930 2790 aelento
946 2724 1063 2812 gradis,
1080 2732 1112 2786 et
1127 2719 1168 2790 de

107 2811 162 2890 iis,
182 2833 264 2898 quae
279 2811 392 2877 sedatu
413 2815 484 2877 nisu
511 2823 567 2878 aut
588 2813 709 2876 sensim
731 2810 825 2877 fiunt.
870 2813 981 2892 Quare
998 2810 1168 2876 interdum

109 2919 189 2998 ctam
203 2898 338 2979 semim,
351 2899 538 2986 gradatim
551 2899 764 2986 coniungitur
776 2908 808 2964 et
816 2898 1033 2987 properando
1052 2917 1169 2986 oppu-
1274 2993 1275 2997 Ἰ

107 2995 213 3050 nitur.
1155 3021 1159 3030 κ

152 3121 159 3131 „
215 3095 284 3148 Catu
302 3091 375 3153 apud
396 3092 504 3146 chana.
523 3091 550 3148 2.
569 3111 596 3162 p.
617 3093 677 3148 199.
694 3111 752 3148 enm
768 3111 818 3164 ega
839 3091 911 3146 aium
931 3093 1085 3164 pedetentim
1109 3095 1170 3145 tett-

180 3181 278 3233 tatmna.
310 3178 448 3233 Pacuvius
464 3180 537 3248 apud
555 3177 613 3232 cte.
638 3179 724 3231 Tmo.
746 3177 774 3242 l,
796 3177 841 3241 21,
861 3177 904 3230 te.
923 3177 1075 3248 pedetentim
1091 3201 1124 3214 --
1146 3179 1171 3232 a

179 3266 267 3318 aetatu
284 3267 360 3317 niani
384 3264 496 3318 Caeliae
515 3265 587 3333 apud
612 3263 732 3318 Nauium
758 3263 782 3326 1,
802 3263 862 3316 119.
879 3265 935 3332 ipse
952 3279 1011 3316 eum
1026 3267 1111 3314 uetera
1127 3275 1170 3312 aa·

176 3351 224 3422 pa.
241 3337 399 3420 putenti..
416 3336 537 3419 uenatu.
572 3347 633 3402 ιῑ..
651 3348 695 3416 21,
711 3345 755 3413 ze,
776 3347 819 3402 ιι.
843 3349 878 3407 as
900 3345 1073 3415 stephanum
1101 3344 1170 3396 ns·

180 3437 240 3488 aiere
255 3437 334 3488 etium
350 3437 491 3488 saeuientes
506 3433 611 3503 quidum
627 3435 654 3486 in
662 3437 773 3502 flamm,
789 3410 844 3486 aeti
856 3435 970 3505 pandere
984 3432 1041 3502 ipae
1054 3429 1169 3492 etniiiee,

180 3519 283 3574 deiectis
300 3521 452 3584 sestertias,
473 3519 624 3588 quaerentia
634 3519 788 3589 pedetentim
802 3519 933 3583 endiasis
946 3519 1045 3572 terram
1059 3529 1170 3574 euasere.
1229 3515 1236 3520 '

215 3619 340 3675 Lucilius
359 3621 432 3692 apud
450 3620 558 3676 Charin.
575 3619 595 3672 l.
616 3621 634 3674 1.
650 3621 807 3690 pedetentim
826 3637 884 3674 euru
902 3621 1044 3676 reseinmm.
1063 3615 1120 3668 cta.
1135 3614 1170 3668 de

178 3705 239 3760 Inv.
257 3707 283 3772 l,
302 3707 346 3774 lt,
366 3705 409 3760 24.
429 3725 508 3776 mrum
524 3708 578 3760 ium
594 3707 681 3760 mitior
689 3710 781 3775 fartus
794 3707 843 3759 erit
859 3708 975 3768 nuditer,
999 3701 1104 3772 ingredi
1124 3718 1171 3770 pe-

178 3793 302 3846 detentim
325 3785 554 3859 indefessiamm.
576 3791 692 3844 Rhetnr.
712 3789 747 3842 ad
767 3791 870 3844 lieren.
891 3790 917 3860 1,
935 3790 962 3860 6,
978 3788 1004 3844 9.
1021 3787 1116 3842 deinde
1133 3785 1172 3842 ed

178 3884 296 3930 notram
311 3895 429 3932 canuam
441 3869 595 3946 pedetentim
609 3877 767 3928 naaedemue.
1173 3894 1175 3900 ·

212 3977 306 4034 etsta.
316 3969 385 4034 Mil.
404 3975 431 4044 t,
447 3976 474 4043 2,
486 3977 530 4032 82.
545 3979 709 4049 properante
721 3975 862 4031 enarretur.
880 3973 938 4029 rt.
956 3975 1121 4034 Pedmfflm.

214 4079 305 4136 Lusit.
331 4083 405 4156 apud
432 4081 551 4136 Nauium
576 4079 602 4147 1,
627 4081 688 4134 119.
714 4081 759 4136 iiie
783 4085 874 4134 eontra
896 4081 984 4134 omnin
999 4080 1070 4133 inter
1083 4077 1173 4148 piaret

179 4168 275 4222 mun
292 4174 319 4226 et
332 4168 486 4237 pedetentim
503 4169 584 4239 seru,
603 4181 634 4224 ue
658 4183 734 4238 qaam
755 4165 855 4222 uem.
878 4163 938 4222 fia·
954 4163 990 4222 tie
1007 4161 1065 4222 Off·
1082 4161 1110 4232 1,
1125 4159 1171 4228 ⁸⁸,
