2830 4712
1150 274 1251 376 τ’,

172 457 298 510 ceretae,
328 445 458 514 masnada
488 441 519 496 Ρ.
550 440 664 522 Vinicius
686 443 798 506 diceret,
831 441 944 496 Asellius
965 441 1024 496 aits
1058 441 1170 495 tractim.

171 535 263 602 (Nam
288 530 417 582 Geminus
443 527 539 580 Varias
565 528 623 580 ait.-
654 529 780 596 aaamda
808 527 888 580 arasa
922 526 1046 580 disertam
1067 525 1170 590 dicatis,

170 618 278 672 nesciae
295 615 351 667 tria
367 613 445 665 cerda
460 618 607 682 conpotem
619 613 753 682 iungere.)
794 611 893 680 Quidni
911 612 990 668 malis
1004 618 1035 663 ta
1049 610 1087 663 ric
1101 611 1170 664 dice·

171 721 218 768 rc,
240 699 374 769 quomoda
398 696 536 748 dissicias?
571 695 614 750 Ita
633 694 831 748 restituendum
856 693 996 748 ridetur-c
1013 693 1170 748 codicibusr

173 803 269 852 nequo
286 779 395 834 mutari
414 779 562 849 quidquam
577 789 687 850 practer
703 782 788 835 verbu
812 782 849 834 uel
866 783 898 834 P.
921 779 1067 844 linicium,
1086 795 1171 848 quum

79 917 80 922 ,
157 853 201 924 ¹sd
217 877 249 924 et
264 876 295 920 ut
312 865 340 918 in
359 863 440 917 libris
459 883 542 934 saepe
558 865 691 934 distingui
709 864 891 934 nonpossint.
962 882 966 890 ·

189 975 222 1039 5.
252 967 448 1033 Pareathesi
464 967 658 1054 interposita
685 968 793 1056 pergit
814 968 922 1032 oratio
945 988 1004 1054 per
1027 987 1112 1032 ream
1134 965 1169 1030 in

114 1056 307 1144 explicanda
324 1073 361 1118 re
386 1063 481 1119 autea
500 1053 597 1118 dicto.
640 1053 702 1118 Sed
727 1054 912 1142 interrupta
933 1051 1041 1116 oratio
1060 1055 1170 1116 inser·

116 1145 151 1206 tis
176 1141 286 1206 verbis
314 1139 413 1202 etiam
438 1161 499 1227 per
525 1161 609 1204 num
630 1139 835 1222 restituitur,
862 1137 952 1225 quod
974 1159 1035 1226 per
1058 1137 1171 1224 igitur

118 1240 146 1291 ot
163 1227 221 1294 secl
237 1225 312 1290 fieri
329 1224 426 1288 solet.
831 1231 833 1236 '

141 1367 143 1370 ⁴
209 1344 272 1398 aiv.
287 1341 341 1407 22,
360 1341 410 1405 28,
429 1343 457 1398 1.
479 1342 576 1411 duplec
596 1343 656 1396 inde
671 1343 821 1397 Hannibali
838 1344 970 1414 guadiam
981 1343 1056 1410 suit.-
1074 1341 1171 1408 (seque

179 1431 246 1481 caim
259 1427 402 1494 quidquam
420 1443 517 1488 earum,
534 1441 602 1493 pace
619 1427 691 1492 apud
705 1427 790 1478 docter
807 1433 962 1494 agereatur,
976 1443 1034 1480 aum
1042 1425 1169 1492 saliebat,

185 1521 207 1564 ct
220 1510 340 1580 perfugis
349 1508 433 1560 multa
447 1509 620 1561 indicantibus
634 1516 658 1560 ct
669 1526 716 1576 per
726 1527 787 1562 suos
800 1503 977 1579 explorantem
982 1511 1007 1576 r)
1021 1523 1081 1560 nam
1098 1513 1122 1557 et
1136 1505 1169 1554 li-

187 1597 266 1646 ticrcm
287 1591 403 1644 Minucii
427 1592 596 1644 temeritatem
617 1609 643 1646 rc
658 1609 703 1646 sao
717 1595 793 1646 noda
810 1600 992 1664 captaturum,
1008 1601 1034 1646 ct
1049 1590 1170 1644 solertiae

196 1677 264 1730 Fuiii
274 1677 410 1728 dimidiam
426 1677 521 1728 uirium
536 1677 675 1732 decessione.

228 1777 277 1830 Cic.
296 1794 323 1846 p.
346 1775 442 1830 Plana.
470 1774 521 1842 41,
540 1775 582 1830 oo.
618 1780 661 1832 liic
689 1785 749 1834 ueta
775 1780 855 1834 simul
878 1807 914 1822 -
936 1743 1012 1849 atace
1033 1795 1075 1832 sne
1095 1793 1169 1830 marc
1275 1823 1276 1833 ,

113 1919 117 1924 ,
186 1862 298 1914 mansisse
321 1863 456 1938 cognouit:
488 1861 583 1928 (audi,
607 1863 674 1917 audi
696 1871 774 1932 atpae
805 1867 921 1929 attende,
953 1865 1111 1928 Latereatis,
1138 1870 1168 1912 at

185 1946 254 2010 scias,
267 1945 330 2014 qaid
346 1963 397 2016 ega
414 1947 523 1999 Plancio
539 1947 649 2012 debeam,
665 1950 1016 2028 confitearequesalipaaada,
1033 1965 1082 2012 mc,
1101 1948 1169 2017 arrad

177 2031 288 2096 jaciam,
312 2038 335 2082 et
348 2027 426 2099 giutc
440 2039 466 2084 et
477 2033 522 2100 pie
530 2036 638 2098 facere,
654 2033 713 2084 ltaic
734 2041 839 2098 autem,
866 2051 932 2102 quae
947 2051 996 2102 pra
1010 2034 1094 2084 salute
1111 2048 1169 2082 mea

178 2115 285 2182 jecerit,
311 2116 337 2167 si
355 2117 443 2185 minuo
462 2117 607 2184 profutara
621 2115 689 2181 sint,
709 2117 792 2168 coesse
807 2124 875 2169 certe
893 2135 946 2170 aaa
961 2117 1088 2186 oportere)
1106 2133 1167 2167 acra

184 2199 290 2251 simulac
305 2215 346 2250 rae
360 2200 556 2268 Dyrrhachium
570 2199 689 2269 attigisse
705 2201 807 2253 audivit
823 2228 859 2242 ·-
876 2209 930 2254 etc.

199 2303 231 2364 6.
259 2299 367 2388 Saepe
383 2312 584 2390 usurpantur
604 2302 639 2364 in
665 2300 939 2400 explicationibus
964 2301 1061 2368 acrba
1085 2324 1167 2366 rrum

117 2384 219 2482 prod,
241 2407 324 2471 quae
337 2385 380 2449 'ad
397 2407 466 2450 rem
483 2382 701 2476 expositionrs
720 2386 926 2474 perducunt,
948 2399 1002 2452 out
1019 2411 1091 2452 rem
1111 2410 1166 2450 re·
1237 2453 1242 2467 ,

115 2470 289 2536 fallendum
310 2471 506 2570 suscipiunt,
550 2471 649 2552 Quod
668 2495 745 2536 vero
763 2475 952 2562 saepissime
966 2497 1050 2539 neam
1074 2496 1167 2571 prae-

114 2557 194 2622 cedit
209 2557 468 2644 pronominibus
486 2559 761 2644 demonstrativis,
782 2569 814 2622 et
834 2561 953 2624 dicitur
969 2581 1052 2642 arant
1068 2557 1166 2638 eldad,

114 2642 180 2729 ipsa
199 2643 273 2708 eius
291 2629 527 2727 significatione
542 2641 694 2708 efficitur.

86 2813 94 2826 „
145 2813 149 2818 ,
224 2759 340 2816 Terent.
354 2763 457 2818 fleant.
472 2733 549 2824 Psotss
563 2762 606 2822 16.
623 2782 686 2818 nam
699 2765 766 2834 qaod
780 2779 896 2818 minores
913 2763 1071 2818 distulerant
1086 2745 1193 2816 male-⁴

117 2886 122 2892 „
176 2848 233 2901 ooli
255 2856 309 2914 ato.
327 2847 425 2916 quibas
440 2849 532 2902 verbis
547 2849 647 2919 incipit
666 2847 788 2902 defensio
806 2855 912 2916 paetus.

213 2947 274 3002 cis.
298 2949 333 3002 ud
356 2951 411 3004 stt.
434 2949 619 3016 3,15.=aasn
644 2955 712 3022 qaod
732 2969 837 3022 purgas
860 2969 919 3013 ecs,
941 2967 1005 3018 qaas
1027 2965 1077 3018 ega
1103 2951 1167 3002 milri

179 3033 272 3104 scripsi
288 3035 410 3087 incidisse
424 3042 476 3088 etc.
510 3037 623 3090 Transit
638 3037 672 3090 ad
691 3044 752 3090 rem
771 3035 957 3103 exponendam
974 3034 1068 3096 aliam,
1084 3049 1167 3104 quom

179 3115 289 3173 Atticus
314 3115 342 3169 in
373 3117 473 3172 litteris
503 3119 618 3174 dixerat.
639 3121 687 3174 'ud
712 3123 792 3174 Fam.
816 3121 850 3184 1,
871 3119 902 3186 9,
920 3120 964 3174 49.
997 3117 1167 3185 2‚1o,15.

181 3203 214 3266 7,
235 3203 287 3266 32,
304 3199 330 3254 5.
364 3203 399 3254 ad
420 3206 476 3258 titt.
496 3204 531 3270 9,
552 3206 579 3258 2.
613 3206 690 3258 Beue
704 3205 883 3259 emendarunt
896 3205 1044 3260 secundum
1061 3203 1167 3258 codices

149 3317 151 3322 ·
179 3289 240 3341 Cic.
257 3287 292 3339 dc
311 3285 387 3339 Orat.
404 3288 438 3352 1,
456 3287 570 3358 16‚,tl.
590 3295 617 3342 et
637 3289 711 3344 Phil.
729 3289 763 3356 8,
782 3287 876 3356 a,1o.

188 3461 191 3468 γ
214 3389 271 3442 Cic.
297 3389 331 3441 da
354 3389 422 3459 Lag.
438 3391 472 3456 2,
489 3391 540 3456 11,
556 3390 601 3445 28.
629 3409 690 3444 nam
711 3391 777 3446 illud
796 3393 914 3450 uitiosum
935 3394 1044 3448 Alienis
1061 3397 1113 3470 stc.
1138 3393 1166 3444 in

179 3477 259 3528 Verr.
274 3473 308 3539 5,
324 3473 357 3540 9,
374 3473 418 3528 48.
447 3495 474 3545 p.
489 3478 597 3532 Cluent-
609 3475 660 3543 46,
678 3476 739 3530 128.
773 3477 985 3541 Battitnendum'
996 3485 1038 3532 est
1053 3479 1087 3532 do
1104 3478 1166 3532 Fin.

178 3559 213 3624 2,
229 3559 282 3624 82,
297 3537 358 3612 lit.
372 3577 434 3612 nam
448 3561 514 3613 illud
534 3563 611 3630 quale
624 3564 729 3614 tandem
747 3561 806 3615 ast?
841 3561 888 3614 ubi
909 3563 1071 3637 uaigaiam.
1177 3629 1180 3632 ,

149 3693 155 3708 1
196 3665 231 3724 7.
257 3657 295 3723 In
312 3661 518 3748 explicandis·
536 3663 706 3729 sententiis
723 3663 964 3728 demonstratio
987 3656 1167 3750 procedere
1206 3687 1208 3696 ’

13 3799 18 3814 ,
113 3754 227 3830 potest
243 3744 283 3808 ab
301 3767 367 3810 uua
383 3747 423 3810 od
438 3747 573 3814 alteram
598 3749 665 3829 ita,
691 3759 728 3812 ut
742 3749 914 3815 nectantur
936 3771 998 3837 per
1021 3749 1112 3814 enim
1134 3763 1167 3814 et
1209 3809 1211 3820 .

114 3853 216 3911 nam,
240 3839 296 3893 aut
317 3832 443 3918 perbis
461 3844 551 3898 terve
570 3836 714 3923 positum
731 3856 823 3901 nom.

216 3932 539 3992 postcommum.
557 3933 583 3988 a.
603 3955 630 4004 p.
647 3933 706 3988 sor.
727 3933 795 3989 arxis
815 3933 900 3987 esraa
914 3933 1041 3987 Klotstas
1058 3935 1093 3988 aa
1109 3897 1184 3988 ores
1240 3909 1246 3913 ’

182 4017 264 4068 Tusc.
278 4015 311 4082 4,
325 4017 380 4082 11,
396 4016 439 4070 dl.
460 4037 625 4089 quamquam
649 4021 721 4072 huuc
736 4021 828 4072 locum
847 4031 912 4074 noa‘
926 4018 960 4072 ud
984 4021 1036 4074 hoc
1058 4019 1166 4076 dicandi

184 4119 271 4170 genos
286 4102 405 4158 attinere
421 4113 497 4174 puto.
520 4103 607 4158 <Adde
620 4103 726 4186 (11η.
741 4103 829 4160 Deiot.
845 4103 897 4170 12,
916 4103 959 4158 di.
