2844 4716
258 259 324 346 4'02
660 259 906 346 Prummu.

365 427 476 502 cimel.
497 443 579 500 sene.
601 396 643 510 ri,
665 445 692 502 s.
716 463 796 518 ...a
817 477 853 492 -
877 467 927 502 ...ι
945 461 1039 520 mn
1059 444 1200 505 umiae
1215 451 1325 510 n...

330 556 405 592 marn
426 534 540 588 omnium
560 535 681 586 ordinum
700 533 817 586 lomim
839 535 970 588 muitum.
994 535 1078 590 unet.
1097 535 1132 603 nti
1156 537 1279 592 llercrtu.
1298 540 1325 606 l,

330 623 356 687 l,
374 622 401 672 l.
419 635 470 671 nnn
484 617 552 670 enim
563 635 661 687 parurn
677 618 705 669 ln
718 637 745 670 ne
754 625 862 688 fructa·
877 621 956 672 lubet
966 623 1043 691 copto
1056 623 1202 675 utuntt-
1215 625 1326 677 nirenta

329 704 547 775 intelligentia-
579 703 749 771 gubernetur.
787 704 845 757 cte.
871 721 898 772 p.
928 705 1022 772 Quint.
1040 705 1075 771 8,
1100 706 1143 760 ll.
1162 725 1225 760 narr
1243 727 1324 778 neque

328 807 427 862 parunt
444 793 548 856 sanetur
569 802 661 838 rcum
688 789 749 844 Sex.
774 791 904 856 Naevius,
931 808 1010 859 neque
1033 792 1325 860 tonante-praecanit

331 869 456 944 nrirqnurn
471 873 669 924 existimandus.
690 871 778 926 necet
793 873 868 926 cuim
884 891 1012 930 nentrum
1028 875 1151 930 tanetum
1167 893 1238 929 cue.

313 993 317 1002 “
351 982 403 1042 10.
437 973 621 1056 Quomodo
634 997 768 1060 purtim
791 997 866 1040 cum
897 978 1255 1066 etiomconinugatur‚
1275 1000 1325 1046 cx

265 1077 340 1134 ante
358 1064 452 1126 dietis
469 1061 627 1148 cognosci
646 1073 768 1147 potest.
799 1061 942 1128 Additur
957 1065 1055 1130 ctiam
1074 1061 1175 1130 odeo.

366 1179 513 1237 Clauditur.
528 1180 557 1234 ln
570 1180 636 1234 unt.
653 1181 676 1245 Ι,
691 1180 753 1234 238.
770 1199 840 1236 nori
855 1185 953 1238 auem
966 1181 1086 1255 purum?

351 1318 401 1377 11.
421 1311 484 1380 De
499 1309 604 1372 verbis
616 1331 746 1394 purtim
769 1307 865 1374 obest
888 1311 969 1398 quin
993 1311 1136 1376 multum
1162 1317 1210 1378 ebt
1237 1311 1326 1378 inter

193 1463 197 1474 ,
263 1400 353 1466 viros
377 1398 494 1461 doctos
511 1395 725 1482 disputatum.
757 1395 841 1458 Nam
863 1419 965 1481 quum
996 1398 1144 1462 Nizolins
1167 1399 1203 1462 in
1225 1395 1325 1462 The-

261 1509 361 1550 sauro
381 1485 531 1548 Ciceron.
547 1504 573 1545 s.
594 1505 624 1545 v.
640 1479 760 1544 alenam
775 1481 937 1547 attulisset
953 1484 1048 1562 verba
1059 1506 1192 1570 purtim
1208 1480 1326 1572 adserit
1405 1481 1406 1498 ³

262 1571 345 1662 quin
362 1568 584 1644 occideretur,
609 1577 778 1652 tamquam
797 1579 905 1632 esent
923 1569 1104 1648 Ciceronis,
1127 1580 1238 1632 tamen
1252 1591 1325 1634 non

262 1659 391 1724 adiecto
407 1655 545 1718 nomine
566 1653 651 1724 libri.
677 1656 711 1716 in
732 1674 798 1736 quo
817 1653 1016 1738 legerentur,
1037 1655 1179 1740 llaogius
1195 1653 1229 1718 in
1248 1655 1326 1718 Ob-

263 1753 381 1810 servat.
402 1764 436 1830 p.
456 1743 552 1812 1157.
578 1739 698 1824 aliique
723 1741 941 1824 grammatici,
964 1737 1053 1804 hunc
1075 1763 1168 1804 usum
1193 1740 1238 1804 ita
1255 1752 1325 1804 sta-

263 1829 451 1904 biliverunt,
477 1836 512 1888 ut
536 1847 635 1888 nemo
662 1823 702 1888 de
725 1825 793 1888 eius
817 1825 1003 1912 integritate
1025 1825 1200 1890 dubitaret.
1240 1825 1325 1890 vide

262 1915 345 1982 Keri
360 1913 478 1978 Select.
498 1909 639 1974 Observ.
654 1932 679 1972 s.
697 1930 724 1972 v.
735 1931 877 1995 portem.
905 1910 1048 1975 Wollius
1064 1923 1176 1976 antem
1195 1912 1228 1976 iu
1248 1913 1326 1976 ttu-

262 2023 321 2066 ceo
336 1999 449 2084 Antiq.
470 1995 544 2058 Vol.
564 2001 592 2059 1.
611 2019 644 2082 p.
665 1996 740 2072 583,
761 1993 846 2058 hanc
865 2019 932 2061 rem
953 1998 987 2062 in
1013 2019 1133 2062 noram
1153 1998 1326 2081 quaestio·

262 2109 340 2152 nem
361 2082 498 2150 vocavit.
522 2083 655 2146 nomin
677 2079 746 2144 ullo
764 2091 909 2146 veterum
932 2086 1132 2170 scriptorum
1156 2083 1243 2147 libro
1262 2084 1326 2150 ista

262 2169 412 2238 formula
436 2177 576 2230 exstaret
604 2175 635 2229 et
666 2166 840 2251 quomodo
878 2191 954 2248 cum
984 2168 1224 2258 significatione
1250 2191 1326 2234 voc.

258 2279 399 2346 paritur
421 2253 624 2319 conveniret.
681 2253 775 2332 Quae
803 2252 1011 2320 Alrlwardtus
1043 2258 1075 2319 io
1109 2254 1325 2341 Ephemerid.

263 2345 356 2430 Lipe.
391 2365 419 2404 a.
458 2343 551 2404 1809.
590 2337 653 2400 Νο.
685 2343 737 2402 26.
769 2341 993 2428 coanparavitz
1023 2341 1184 2426 perillum
1208 2337 1327 2428 obsnit

161 2465 163 2470 ·
263 2429 345 2582 puin
364 2429 470 2514 (Caes.
496 2423 573 2488 Bell.
599 2428 660 2523 civ.
685 2429 720 2523 2⁹.
742 2427 795 2490 85.
819 2427 956 2491 Suetou.
979 2427 1128 2524 ⁰³¹234⁰
1154 2427 1229 2490 Ner.-
1253 2427 1324 2511 28.)

133 2541 141 2559 ⁸
250 2539 254 2548 ·
275 2513 359 2581 noted
375 2511 520 2577 multum
537 2505 650 2599 obfmt
669 2511 752 2594 (Ltv.
771 2514 823 2589 42,
844 2513 896 2588 44,
913 2517 972 2592 2.),
996 2511 1077 2588 nihil
1101 2521 1266 2600 praestant
1285 2511 1327 2578 ad

262 2599 467 2666 usum'verbi
479 2619 610 2684 purtim
634 2597 945 2661 demonstrandum.
981 2597 1144 2662 Krebsius
1169 2599 1202 2662 in
1228 2601 1328 2664 Anti-

206 2679 217 2692 ⁸
260 2687 355 2761 ‚barlu
377 2709 411 2776 p.
438 2687 513 2750 348.
537 2705 612 2746 etim
631 2693 933 2768 negatpropterea‚
957 2683 1046 2769 quod
1057 2705 1191 2783 purum
1206 2683 1329 2749 adver-

262 2773 356 2838 bium
389 2793 456 2836 non
484 2771 584 2858 possit
616 2789 692 2830 cum
720 2769 821 2832 verbo
849 2765 964 2833 obesse
989 2773 1165 2854 coniuusp,
1199 2769 1328 2856 quippe

206 2883 212 2910 t
265 2859 354 2946 quod
392 2855 494 2922 modo
530 2865 686 2918 neutrum
725 2854 861 2918 alicuius
898 2855 1046 2918 nominis
1079 2877 1190 2919 sectum
1226 2851 1327 2920 serat.

264 2945 383 3010 Nonne
403 2941 527 3005 veroin
547 2939 655 3002 verbis
674 2939 1033 3088 porrtmprndenliue,
1052 2936 1327 3029 puromsocerc,

257 3037 475 3120 puraemest,
503 3047 627 3090 nomen
658 3023 730 3093 est'l
761 3027 802 3091 se
844 3027 876 3090 in
905 3041 994 3092 nova*
1011 3025 1155 3091 editione
1171 3028 1228 3092 ¹sni
1248 3025 1328 3090 libri

265 3117 378 3180 omisit
405 3111 490 3178 hanc
515 3111 721 3198 opinionem.
770 3111 820 3178 Ex
850 3112 887 3176 iis
919 3123 1049 3192 autem,
1078 3135 1160 3199 qnae
1182 3111 1327 3199 apposui

264 3227 299 3292 p.
319 3205 394 3279 397,
437 3207 474 3262 ut
501 3197 681 3262 indicarem
711 3219 838 3282 parrum
868 3198 965 3262 etiam
997 3197 1038 3264 de
1069 3220 1105 3262 re
1139 3197 1327 3264 admodum

264 3307 368 3378 parva
393 3285 476 3356 dici.
501 3281 594 3348 l'acile
619 3282 737 3372 aliquis
763 3284 907 3368 colliget,
934 3283 1026 3348 illum
1049 3281 1230 3348 dictionem
1254 3304 1327 3348 nou

266 3395 406 3463 prorsus
432 3369 613 3436 abliorrere
637 3393 653 3432 a
681 3379 799 3434 natura
831 3369 927 3434 huius
953 3369 1145 3457 particulae.
1195 3367 1329 3434 Tamen

266 3473 391 3524 veteres
408 3479 476 3520 non
494 3457 539 3522 ita
562 3454 694 3544 loquuti
709 3465 798 3539 sunt,
820 3455 878 3554 scd
891 3479 963 3522 non
984 3455 1147 3538 mullum,
1163 3455 1328 3544 paullum

264 3533 361 3616 oleat
380 3543 474 3633 quin.

615 3808 987 3898 PARVMPER.

348 3981 442 4051 Paul.
464 3983 604 4048 Diacon.
621 3977 780 4067 Excerpt.
798 4001 840 4044 ex
861 3935 946 4046 Festi
965 3977 1041 4044 libr.
1056 3999 1255 4066 porramper
1275 3977 1331 4043 ai-

260 4067 412 4162 guificol
425 4069 637 4158 parallieper,
675 4063 1022 4218 quusiperparvum
1057 4065 1122 4130 lzoc
1145 4076 1197 4165 cst
1219 4063 1333 4165 valde

244 4255 250 4260 ι
257 4179 432 4246 parvum.-
451 4149 602 4246 refertur
624 4163 742 4220 autem
757 4177 779 4220 a
821 4163 968 4240 tempus.
985 4149 1058 4220 lam
1072 4149 1232 4220 Dactcrus
1250 4151 1331 4222 nlu-
