2830 4712
574 267 645 336 NE.
1093 271 1137 342 61

96 440 270 506 seutentiam
299 437 521 506 eontrariumr
542 433 594 503 'ob
615 437 710 504 nicht
735 437 811 506 eine
833 434 929 506 Rode
951 459 999 504 nu
1023 434 1133 540 Krest

96 525 232 605 vertiere,
255 523 323 588 due
350 524 397 589 iet
416 535 455 588 eo
473 522 553 589 weit
569 519 739 610 eutserut‚
764 519 845 614 desi
860 525 910 590 im
926 523 1134 612 Gegeutlzeil

96 623 145 678 etc.
189 612 284 692 Quae
307 631 441 690 vereor,
468 630 512 675 ne
543 608 684 674 alienam
707 607 1047 677 habeantnotionem
1073 611 1131 676 ad-

95 699 225 763 minam.
279 695 347 762 Sed
374 693 543 762 formulae
572 694 659 760 illiue
687 698 773 760 ratio
796 693 877 762 haee
907 706 974 778 eet,
1003 708 1039 760 ut
1065 715 1130 762 ana

96 794 171 870 parte
190 782 299 872 posuit
324 791 487 846 constare.
537 780 683 868 Negatur
703 780 828 868 aliquid
856 803 944 862 esee,
972 780 1029 846 red
1053 803 1130 848 eum

95 868 335 956 comparatione.
377 867 443 932 Pro
466 886 527 947 eo,
542 864 639 1017 guod
661 866 863 954 rogitamus:
890 889 960 932 non
984 877 1070 940 erut,
1093 877 1130 932 ut

94 954 171 1018 biuor
196 953 398 1032 scriberent,
426 951 510 1016 dixit.
570 951 658 1017 icero
687 952 728 1017 ad
759 953 826 1019 Au.
850 956 882 1035 8,
909 959 965 1020 rt.
993 964 1131 1018 tautum

95 1039 216 1120 uberat,
238 1049 278 1102 ut
305 1037 401 1104 biuue
423 1035 626 1104 scriberent:
647 1037 702 1104 vix
722 1038 878 1127 ringuloe
899 1033 1128 1127 confecerunt.

98 1125 229 1190 l'uutum
247 1123 289 1188 ud
315 1123 437 1211 aliquid
462 1121 627 1200 retertur,
651 1123 742 1210 qnod
768 1147 838 1192 non
860 1135 910 1191 eet
933 1123 1041 1190 verbis
1066 1146 1129 1190 ex-

95 1234 238 1296 pressum.
284 1209 355 1273 Iam
372 1208 526 1275 ueeedera
543 1219 653 1296 potest
669 1209 770 1275 altera
785 1231 874 1299 pare,
895 1231 980 1299 quae
996 1230 1037 1276 ex
1052 1230 1129 1277 rer·

95 1297 129 1361 ho
142 1310 273 1362 tannem
293 1295 433 1382 pendet,
457 1294 575 1362 veluti:
598 1305 736 1360 tuntum
757 1307 873 1364 nutem
896 1293 991 1362 abeat
1012 1293 1056 1362 ab
1078 1317 1129 1379 eo,

96 1395 125 1447 ut
142 1383 267 1447 multem
283 1381 454 1460 mareuil,
477 1391 514 1444 ut
535 1401 669 1450 uereor.
689 1402 733 1446 ne
747 1380 880 1446 homiui
894 1380 985 1446 uiuit
999 1380 1044 1445 eit
1059 1403 1130 1446 ιιοιι

97 1469 201 1532 meum
222 1465 326 1530 uliud
348 1477 437 1532 certe
461 1475 524 1534 ete.
568 1467 636 1532 cto.
656 1464 688 1530 Τ
691 1486 756 1530 ura.
781 1473 811 1549 1,
827 1472 881 1546 at,
897 1471 951 1532 7⁶.
976 1465 1039 1532 hoc
1062 1476 1127 1534 eet:

100 1554 130 1616 ab
148 1577 199 1634 ea,
225 1563 265 1617 ut
288 1553 414 1618 malum
440 1573 532 1617 mors
565 1551 624 1627 ait,
652 1560 782 1618 tantum
807 1551 918 1626 abest.
939 1563 975 1616 ut
1005 1573 1127 1618 verear.

100 1639 195 1718 ute,
221 1644 274 1704 15.
297 1639 354 1703 eui
370 1661 434 1725 ego
449 1638 502 1703 rei
524 1648 662 1702 tuntum
685 1635 799 1717 abest,
821 1649 859 1704 ut
883 1635 1127 1724 impedimento

105 1725 172 1808 eim,
187 1737 218 1788 ut
239 1735 363 1790 contra
386 1735 419 1788 te
445 1722 620 1790 adlrorter.
647 1722 714 1788 hoe
738 1733 805 1788 eet:
827 1735 866 1800 nt
887 1722 1127 1811 impedimento

104 1809 166 1888 riu,
186 1821 245 1874 tam
266 1810 409 1874 multum
433 1808 544 1887 abest,
565 1818 603 1874 ut
625 1818 742 1874 contra
766 1817 800 1874 te
822 1809 989 1876 adhorter.
1033 1809 1128 1890 Quua

100 1917 180 1981 quum
200 1899 243 1961 ita
265 1896 356 1975 sint,
385 1919 403 1960 a
428 1896 588 1960 Cicerone
608 1894 702 1960 nullo
727 1905 827 1982 paeto
853 1905 984 1984 poterat
1000 1961 1002 1980 Ι
1016 1895 1129 1976 scribi,

96 1993 124 2046 ut
140 1981 408 2068 intelligeremus:
437 2003 484 2055 ue
505 1992 680 2046 enervetur
701 1981 834 2062 oratio,
862 1993 999 2048 tuntum
1022 1977 1127 2061 abeat,

92 2080 122 2131 ut
137 2079 188 2134 etc.
233 2070 350 2152 Quare
375 2066 402 2130 si
420 2087 495 2132 vera
517 2076 567 2131 est
590 2067 773 2154 scripturn,
794 2088 860 2132 una
881 2065 1029 2156 suppetit
1053 2089 1127 2132 ver·

92 2153 190 2220 barum
207 2175 322 2220 caussa
343 2151 444 2233 haee,
467 2173 531 2238 qua
547 2151 645 2218 verba
661 2176 703 2217 ue
716 2189 759 2202 -
777 2163 952 2219 enervetur
973 2152 1127 2239 interpo-

89 2252 191 2340 nantur
215 2241 312 2328 quasi
331 2239 366 2307 in
389 2235 578 2327 parenthesi
611 2261 674 2328 pro
703 2260 747 2306 ue
779 2237 937 2306 dicamne
964 2239 1127 2306 enervari

88 2339 275 2392 arationem.

154 2453 202 2511 18.
226 2438 427 2524 Diserimaia,
448 2467 517 2532 quo
536 2466 579 2510 ne
594 2441 634 2510 ab
649 2455 768 2510 utnon
786 2444 1033 2536 distinguamus,
1052 2470 1125 2514 aar·

85 2529 160 2594 nitur
173 2533 208 2597 in
228 2554 291 2604 eo,
314 2531 404 2619 quod
419 2555 463 2596 ue
479 2530 627 2619 negativa
644 2527 729 2596 farta
746 2542 795 2596 eet
814 2533 1021 2613 coniunctio,
1044 2555 1126 2620 quae

84 2615 208 2693 indicat,
248 2616 397 2704 nequid
427 2615 503 2700 liat,
532 2616 679 2705 positum
704 2639 774 2681 esse
805 2616 841 2681 in
867 2618 943 2705 ipso
975 2621 1126 2684 coneilio.

87 2697 185 2764 Vt-
207 2725 300 2781 nou,
331 2703 507 2790 inquibus
541 2702 671 2790 negatio
706 2701 851 2788 pertinet
887 2702 926 2767 ad
961 2705 1126 2788 singulare

83 2789 238 2870 quoddam
267 2788 482 2864 vocabulum,
512 2784 865 2876 signifieateonailium
891 2809 979 2863 esee,
1005 2800 1042 2854 ut
1063 2789 1126 2855 ali-

84 2873 200 2954 qnid1·e
217 2875 291 2961 ipsa
308 2875 492 2939 intermissa
511 2885 567 2938 aut
579 2879 711 2938 'remota
733 2869 905 2940 efficiatur.
947 2877 1125 2940 Gramma-

82 2959 126 3020 tici
141 2981 220 3024 vero
240 2958 440 3047 distinguere
454 2959 563 3024 solent
578 2959 642 3039 ita,
665 2968 701 3022 ut
716 2959 808 3024 illam
823 2958 933 3023 dieunt
956 2983 1024 3026 eene
1048 2961 1131 3026 tor«

81 3062 157 3109 mam
173 3043 333 3125 finalem,
356 3045 441 3118 liene
463 3045 750 3131 consequntivam‚
774 3046 866 3131 quasi
882 3044 956 3109 finis
976 3048 1025 3112 vel
1043 3069 1125 3112 aon-

81 3127 176 3195 silium
192 3153 269 3195 non
284 3131 362 3195 item
380 3153 441 3218 per
456 3142 493 3195 ut
508 3131 729 3218 exprimatur,
752 3139 808 3194 aut
824 3152 891 3194 non
916 3132 1126 3198 inveniantur

81 3212 149 3296 luci,
177 3217 213 3281 in
240 3214 360 3301 quibus
384 3215 559 3280 eonsilium
580 3213 780 3302 significetur
816 3214 932 3304 positis
957 3213 1064 3282 uerbis
1087 3230 1125 3283 ut

79 3321 144 3366 ιιοιι.
188 3301 360 3366 Nimirum
379 3291 526 3366 mulatur
540 3301 576 3366 in
589 3312 627 3364 ut
644 3324 714 3366 nou
728 3301 811 3366 ratio
828 3324 887 3384 eo,
910 3303 1000 3388 quod
1024 3326 1125 3391 nega·

79 3385 116 3448 lio
137 3411 209 3452 nnn
237 3387 278 3450 ad
305 3389 541 3474 cogitationem
567 3386 711 3474 pertinet
738 3387 825 3465 eius,
857 3389 914 3472 qui
949 3390 1123 3454 consilium

79 3464 185 3554 habet,
210 3472 268 3537 sed
293 3473 341 3539 rei
366 3470 555 3540 efficiendae
577 3470 750 3547 tribuitur,
773 3493 834 3536 nee
859 3482 966 3537 totam
990 3485 1125 3540 senten-

79 3556 145 3622 tiam
163 3568 285 3644 negat,
307 3555 364 3624 e‘ed
385 3560 481 3624 unius
498 3558 546 3623 rei
566 3557 768 3644 qualitatem.
811 3557 850 3622 ld
873 3579 952 3623 vero
978 3558 1016 3623 fit
1042 3582 1125 3648 pro-

80 3651 141 3786 pter
153 3643 239 3707 dues
255 3653 401 3722 cantens,
424 3655 460 3708 ut
474 3653 529 3708 aut
543 3643 675 3732 negatio
689 3641 730 3707 ad
747 3643 883 3708 verbum
906 3645 1042 3730 proprie
1068 3667 1124 3710 re·

91 3737 132 3792 ata
163 3729 273 3815 magis
308 3729 458 3796 distinata
489 3729 552 3807 eit,
580 3738 636 3794 aut
663 3749 738 3792 eum
759 3748 827 3794 uno
853 3729 893 3794 ali
921 3750 964 3794 uo
987 3730 1125 3808 nomine

80 3814 248 3878 coniuncta
272 3837 374 3880 unam
404 3815 590 3904 negativam
623 3814 796 3879 notionem
828 3813 1002 3893 exilient,
1037 3817 1125 3882 velut

78 3918 134 3964 uon
151 3897 271 3965 decane
289 3923 353 3988 pro
371 3900 510 3976 adeste:
527 3899 562 3966 id
584 3898 677 3990 quod
692 3899 815 3988 placuit
831 3898 1002 3965 Romanis.

176 4018 332 4088 Exempla,
353 4020 381 4073 in
399 4021 496 4092 quibus
508 4037 561 4073 nou
575 4019 716 4088 agitur-ale
734 4018 858 4083 coneilio,
878 4035 989 4088 prorem
1003 4037 1055 4098 nou
1070 4023 1126 4074 liae

135 4103 295 4170 pertinente
319 4106 407 4189 velati
432 4106 490 4160 cie.
506 4123 533 4174 p.
554 4105 624 4176 lang.
639 4107 714 4162 Man.
731 4103 764 4170 1,
783 4102 834 4186 19.Ι
856 4122 906 4158 neu
925 4107 995 4184 anr'up
1015 4113 1125 4176 pareunt

306 4221 308 4228 ι
737 4189 758 4254 4
774 4191 793 4230 t
