2858 4714
366 371 376 394 x
477 285 575 372 asc.
619 289 785 374 anvn.
1100 301 1165 367 ur

162 459 270 530 firiaco
315 456 390 512 Phil.
410 458 438 524 2,
452 458 488 530 Ἰ8,
505 459 550 514 20.
578 469 684 518 tantun
713 463 800 518 dicam
827 463 957 518 tratas
994 483 1078 536 neque
1097 469 1165 548 'illac

168 543 309 613 (versas),
325 561 407 613 neque
421 546 489 598 ullas
503 554 528 600 te
542 549 648 600 omnino
661 549 762 600 litteras
775 566 863 602 naue.-
880 567 922 604 me
932 567 981 633 nea
996 553 1163 623 reipublicae,

159 630 324 682 necamicia
343 647 468 697 umquam
485 632 604 696 defuisse.
641 631 804 684 Graviorem
822 621 995 701 cognitionem
1015 634 1074 704 ipsa
1095 657 1163 708 grn-

168 715 229 766 rior
250 731 297 766 res
321 713 466 766 innitere
488 714 643 768 sentcntiae
668 723 744 784 purte
767 717 892 784 requirit
927 719 962 772 de
985 720 1028 774 Rc
1051 737 1077 791 p.
1092 725 1118 788 1,
1134 726 1163 779 0.

166 802 233 868 quod
245 817 294 854 nea
310 799 467 863 didicerint,
490 817 676 869 necunquam
695 802 761 854 scire
781 803 932 856 curaverint.
965 804 993 870 ὃ,
1008 807 1051 860 lle
1071 818 1100 863 at
1114 829 1162 864 nen

167 881 370 937 inconstantiam
387 884 471 936 uirtus
484 884 588 952 recipit,
604 903 648 938 uec
661 887 812 940 uarietatem
823 897 924 942 natura
939 893 1050 960 patitur.
1081 897 1161 951 Cart.

166 970 206 1030 1⁰,
222 968 248 1035 ’1,
266 969 311 1022 12.
336 984 385 1019 nea
405 967 487 1030 nelle,
505 985 551 1019 nee
568 970 637 1020 nolle
659 972 799 1040 quidquam
815 971 860 1026 diu
880 981 1010 1043 paterent.
1045 980 1161 1047 Quintil.

121 1109 124 1117 ¹
169 1053 196 1118 0,
211 1055 238 1119 l,
256 1053 300 1106 28.
319 1053 375 1106 cius
396 1052 436 1104 rei
454 1052 511 1103 sine
533 1053 610 1105 dubia
631 1071 679 1106 nea
702 1055 842 1125 disciplina
864 1059 921 1110 ulla
941 1059 968 1112 in
989 1063 1098 1130 nebda,
1116 1085 1162 1122 neo

168 1140 321 1194 exercitatio
339 1137 467 1190 traditur.
501 1135 682 1206 Spaldingiur
707 1157 741 1194 ex
762 1157 814 1194 una
836 1142 932 1196 cadica
955 1145 1036 1198 taric.
1056 1152 1163 1222 recepit

168 1239 249 1291 neque
266 1249 303 1260 -
322 1239 419 1288 nequer
441 1238 542 1275 verear
559 1229 591 1276 ut
606 1232 691 1278 reate.
725 1227 768 1279 De
784 1243 836 1280 usn
851 1227 955 1281 Lucani
970 1229 1033 1284 ride
1050 1235 1161 1292 Oudon.

169 1306 295 1376 durpinru
310 1307 345 1358 nd
364 1305 408 1370 1⁰,
423 1303 467 1361 ⁰8.
483 1369 486 1372 ¹

199 1409 270 1462 Cic.
289 1409 323 1462 de
340 1411 383 1462 Re
400 1427 429 1478 q.
443 1409 470 1475 1,
487 1407 531 1462 01.
551 1411 619 1464 deba
636 1411 685 1472 tibi
701 1419 776 1466 tectu
797 1432 845 1469 nec
860 1416 937 1470 nimie
957 1420 1091 1490 autiquae,
1112 1441 1162 1480 aaa

169 1496 315 1548 ullomodo
331 1496 461 1549 barbaros.
494 1495 549 1550 llis
565 1495 660 1548 uerbis
675 1504 816 1552 sacraret
831 1516 884 1553 nan
905 1518 965 1554 cene
984 1511 1067 1560 testes
1089 1510 1161 1574 anti-
1178 1511 1184 1534 “

122 1619 124 1624 .
172 1597 251 1648 quoa:
272 1580 307 1630 ele
322 1597 375 1648 qua
392 1580 486 1648 Scipio
505 1597 568 1632 curn
590 1579 686 1634 Laelia
706 1599 860 1638 samonem
883 1597 1046 1646 conseruate
1064 1603 1161 1664 postea

173 1683 235 1718 vero
251 1665 364 1734 Scipinr
382 1666 490 1720 sienim
513 1674 540 1718 ct
553 1666 695 1736 prudenter
718 1667 831 1722 beminen
850 1677 877 1724 ct
899 1689 952 1726 non
969 1684 1068 1731 ueteres
1084 1697 1162 1750 regen

176 1751 259 1803 babere
287 1752 439 1816 caluerunt,
469 1759 531 1803 utar
557 1768 637 1818 neque
660 1754 820 1824 perantiquis
846 1772 929 1825 neque
952 1760 1106 1817 inbuncanic
1128 1784 1162 1820 nn

170 1834 231 1902 ferie
252 1835 368 1887 testibus.
411 1837 473 1902 Qua
494 1833 523 1886 in
547 1834 720 1890 conclusione
742 1851 795 1892 non
824 1843 914 1895 maiar
937 1853 980 1900 est
1003 1850 1160 1920 negationis

175 1918 227 1984 vis,
245 1920 296 1972 scd
311 1919 478 1987 simpliciter,
488 1919 661 1974 nominantur
679 1939 784 1992 genere
800 1926 952 1982 heminam.

214 2021 273 2075 Cio.
289 2021 323 2076 etl
339 2021 418 2077 Fam.
432 2021 475 2087 15,
491 2023 517 2088 l,
535 2021 578 2075 10.
596 2025 689 2093 reliqui
705 2043 781 2097 reges
796 2031 953 2102 tyrannique
968 2051 1049 2104 neque
1067 2038 1159 2106 apibra

170 2109 231 2160 ratis
239 2109 318 2174 firmi
334 2125 379 2159 nec
393 2109 529 2163 voluntate
548 2116 619 2166 suut.
656 2111 691 2164 ad
705 2111 760 2166 Art.
776 2111 803 2179 ⁰,
817 2115 861 2168 ⁰⁰.
884 2103 993 2188 regalia
1010 2121 1088 2174 Sasrtt
1110 2140 1158 2176 ne-

171 2209 218 2260 que
236 2192 379 2262 dignitatis
393 2192 471 2244 babet
489 2193 568 2255 ratis,
586 2211 632 2246 nee
653 2197 785 2250 continuio.
819 2197 969 2255 Lambinus
983 2202 1093 2272 scripsit
1113 2225 1158 2260 ne-
1243 2245 1247 2262 .

169 2295 216 2346 que
230 2278 366 2329 cautionis·
401 2275 455 2329 Sed
470 2275 588 2329 acutiori
607 2278 699 2331 inrmn
714 2282 871 2350 particulae
895 2286 1038 2342 adscendit
1057 2289 1174 2344 aratia.'

169 2359 202 2412 de
216 2359 271 2412 0⁰¹.
289 2359 434 2425 01011.
452 2368 478 2414 et
497 2370 587 2416 tamen
602 2366 673 2417 muri
688 2382 809 2420 caussam
829 2372 963 2440 apposuit,
979 2375 1087 2443 speeiem
1109 2375 1159 2430 lee-

170 2447 278 2498 nestatis
293 2463 375 2514 neque
388 2449 568 2517 probabilem,
593 2463 640 2498 nea
657 2465 721 2502 sane
734 2452 866 2506 idoneam.
908 2457 985 2510 Bene
1005 2476 1036 2512 se
1061 2461 1157 2528 habet,
1211 2469 1213 2484 ’

171 2531 239 2600 qnod
263 2529 292 2583 iu
314 2530 379 2583 eliis
399 2529 476 2598 codd.
502 2529 621 2600 legitur,
640 2551 687 2586 nee
706 2538 885 2604 probabilem,
911 2542 959 2592 sed
974 2541 998 2593 si
1021 2560 1084 2599 sane
1105 2564 1157 2614 pra

114 2651 116 2658 ι
170 2617 233 2668 catis
245 2615 386 2681 scribitur,
403 2615 586 2669 neeessariam
606 2623 647 2669 cst
659 2635 705 2670 nec
718 2637 788 2673 sanc.
818 2621 852 2674 da
863 2622 924 2676 Fin.
940 2625 966 2690 1,
984 2625 1051 2690 3,i.
1069 2631 1114 2685 red
1127 2631 1159 2684 td

171 2719 248 2770 neque
259 2701 317 2766 seni
332 2686 434 2766 adbuc,
451 2718 498 2752 nce
512 2701 578 2754 mibi
591 2709 694 2765 tamen,
717 2720 750 2754 ne
761 2701 883 2769 faciam,
903 2709 1071 2763 interdictum
1083 2722 1157 2782 puta.

168 2785 226 2838 Non
241 2783 352 2854 scripsit
368 2803 449 2853 neque
464 2792 561 2838 tamen·
596 2785 630 2838 ad
644 2785 723 2839 Fam.
736 2785 763 2852 5,
782 2787 825 2854 lt,
841 2787 867 2844 5.
885 2807 961 2859 quem
977 2793 1092 2864 (cusum)
1109 2815 1158 2852 ne·

168 2888 213 2938 que
235 2872 324 2922 uitare
349 2871 485 2938 quicquam
508 2878 640 2934 nastrum,
666 2889 711 2923 nee
731 2883 867 2943 praestare
885 2879 939 2930 ulla
967 2888 1043 2949 pacta
1063 2891 1156 2952 patent.

168 2953 257 3008 Etiam
272 2953 318 3007 hic
334 2952 481 3007 Lambinus
503 2956 578 3007 mule
593 2955 704 3024 scripsit
724 2975 804 3026 neque
818 2987 852 3000 —·
868 2961 921 3013 ulla
934 2973 1019 3032 pacta.
1055 2965 1090 3020 de
1111 2969 1156 3023 Re
1249 3023 1251 3030 ,

169 3057 195 3108 p.
210 3039 236 3105 2,
252 3038 302 3110 22..
323 3057 391 3090 nune
410 3040 539 3092 rationem
563 3042 654 3093 ridetis
676 3043 772 3107 talem,
790 3049 819 3097 ul
841 3046 942 3114 reliqua
966 3049 1047 3102 multe
1063 3055 1157 3128 'maiar

169 3125 307 3178 multitudo
330 3139 373 3175 ser
393 3129 420 3174 et
440 3123 592 3192 nonaginta
608 3127 783 3180 centuriarum
798 3147 881 3199 neque
902 3133 1083 3192 excluderetur
1098 3144 1158 3207 cuf-

164 3209 283 3278 fragiis,
300 3226 331 3259 ne
346 3208 575 3275 superbonum,
594 3224 642 3261 nec
661 3212 759 3264 ualeret
777 3214 872 3279 nimis,
890 3233 921 3268 ne
943 3226 1007 3272 ercet
1028 3223 1157 3291 pericula·-
1250 3266 1252 3276 .

138 3285 141 3292 “
166 3310 230 3344 cum.
264 3290 300 3343 de
322 3289 411 3342 Amic.
426 3288 469 3353 12,
483 3289 527 3344 4⁰.
546 3293 611 3344 lraea
628 3294 715 3363 igitur
731 3297 771 3349 len
787 3298 816 3350 in
830 3301 949 3354 amicitia
963 3306 1105 3372 sanciatur,
1125 3316 1156 3362 ut

168 3393 244 3444 neque
262 3393 385 3444 rogemus
401 3391 442 3426 ree
456 3371 548 3446 tu'rpis,
564 3379 753 3445 nee'saciamur
771 3384 870 3451 rogati.
904 3385 947 3450 15,
963 3386 1007 3442 02.
1025 3391 1071 3458 qui
1084 3393 1156 3460 uelit,

166 3469 194 3512 ut
209 3476 291 3528 neque
305 3453 406 3529 diligat
420 3477 591 3528 quemquam,
611 3474 658 3516 nea
671 3465 726 3533 ipra
747 3463 789 3516 ab
805 3468 859 3519 ulla
880 3469 1028 3540 diligatur,
1047 3477 1156 3530 eircum-

163 3547 245 3612 flucre
271 3545 389 3596 amnibus
411 3538 512 3611 copta?
547 3564 572 3613 p.
591 3539 651 3601 tiit.
676 3548 719 3614 28,
741 3543 784 3602 ii.
809 3567 920 3620 querum
949 3555 1155 3628 (victoriarum)

168 3630 240 3680 nulla
254 3645 334 3696 neque
349 3629 501 3681 diuturnam
519 3633 607 3686 attulit
627 3635 777 3703 laetitiam,
795 3655 840 3689 nea
858 3647 969 3693 tantam.
1006 3641 1040 3694 de
1058 3644 1154 3710 (10.0,

166 3711 208 3776 nt,
223 3711 284 3764 100.
306 3713 361 3780 ipse
375 3712 569 3784 Karthaginem
584 3719 675 3771 rediit:
700 3736 780 3790 neque
796 3740 855 3774 eum
874 3727 972 3778 coritae
983 3729 1091 3794 patriae
1112 3747 1156 3782 re-

170 3797 268 3858 tinuitt
283 3796 329 3848 nec‘
342 3813 457 3849 cuorum.
473 3783 611 3854 ‘Plancos
628 3798 662 3856 ud
681 3800 738 3858 cic.
756 3805 799 3871 10,
818 3806 862 3872 11,
881 3807 924 3860 10.
942 3810 990 3861 bae
1009 3811 1059 3862 tibi
1076 3827 1154 3882 epan-

166 3882 227 3945 dea,
246 3883 283 3934 nri
292 3882 406 3945 Cicera,
423 3901 503 3951 neque
517 3888 651 3953 baiarum,
669 3907 716 3943 nee
732 3891 897 3962 diligentiam
912 3893 977 3944 mibi
992 3891 1156 3961 dcefuturani.

168 3959 186 4016 i.
200 3983 224 4016 e.
243 3967 332 4019 multo
348 3966 439 4019 inians
455 3967 629 4038 diligentium
653 3986 688 4027 m.
704 3973 731 4048 0.
767 3975 876 4042 Optime
899 3975 1038 4043 perspexit
1061 3981 1151 4035 retic-

168 4063 226 4100 nem
241 4051 421 4105 Geroharbns
436 4053 507 4108 etin
529 4057 584 4110 cto.
603 4057 675 4110 libra
699 4059 734 4110 de
748 4058 811 4117 Sea.
830 4059 872 4123 1⁰,
890 4060 933 4114 tt.
953 4060 1075 4120 restituit
1089 4079 1152 4118 me·
1255 4127 1256 4130 Ἴ

119 4141 122 4150 ’
172 4131 266 4188 liorem
292 4137 477 4206 scripturam,
505 4155 588 4210 qnam
617 4141 743 4198 {lietuino
758 4141 934 4227 ¹repudiarit·
981 4147 1053 4206 lton
1076 4150 1151 4204 Gae-

1180 4262 1195 4290 l
