2804 4722
549 285 673 392 ross.
1062 293 1135 357 sor.

180 459 241 512 liv.
254 456 281 526 4,
297 458 339 526 lt,
355 459 397 515 1⁰.
414 477 480 530 pere
490 466 627 529 postpones
639 467 701 537 reret
716 461 815 522 sedito
830 465 856 516 et
873 463 984 534 nsdipne
995 464 1134 534 promeres.

142 553 249 614 petrem
265 553 291 599 et
306 546 403 614 prioris
417 547 482 598 enni
495 545 610 598 eonsules
629 546 799 621 irrereperent,
817 547 951 618 peredeus
970 549 1132 616 largitiones,

146 637 275 697 eeetsspue
287 631 369 699 plebis
381 632 408 682 in
420 629 530 698 priosta
545 631 620 682 deero
628 632 700 698 paesi
711 637 791 682 essent
800 631 905 696 fieri-
921 637 977 685 tem
993 633 1023 688 Τ.
1037 634 1124 703 Quin·

142 715 210 765 etius
228 741 262 752 -
297 715 337 767 eit
356 719 407 766 ete.
437 715 516 766 Hnee
533 714 617 765 verbs
639 713 673 766 T.
695 713 721 764 2.
747 730 775 780 p.
796 711 857 768 486.
882 713 972 788 alterii,
996 724 1027 768 nt
1046 734 1132 776 mena

145 801 263 850 strerern
285 796 408 850 diversos
430 798 525 849 modos
548 814 597 864 per
616 804 641 850 et
656 796 790 866 componi.
816 797 886 860 ,see
911 799 1068 868 Madvigius
1088 802 1123 854 erl

84 879 87 890 '
146 879 204 933 cic,
221 881 255 942 ee
272 879 332 932 Pin.
346 899 371 948 p.
386 880 446 934 249.
465 881 580 946 monuit,
600 881 771 950 negligentia
788 870 906 950 qnnrlerri
926 880 966 936 ite
989 885 1124 953 seriptum

146 981 216 1033 esse,
233 969 338 1018 mutate
356 964 438 1017 etiem
458 965 533 1018 verbi
548 971 686 1034 tempore,
706 972 736 1043 nt
753 967 786 1018 no
803 967 923 1019 alterurn
939 969 1054 1020 verbum
1071 987 1124 1024 non

144 1058 284 1121 postquam
299 1049 455 1118 pertineret,
482 1051 529 1102 sed
542 1069 626 1120 quern,
650 1051 733 1120 irlqne
757 1066 772 1100 e
792 1060 930 1122 postquam
945 1051 1123 1123 intelligendo

118 1129 124 1138 “
145 1139 300 1188 erueretur.
342 1135 377 1188 rit
400 1140 501 1201 qnente
521 1135 591 1187 haee
613 1141 685 1188 esset
708 1132 897 1206 negligentis?
931 1135 1061 1190 Fortasse
1080 1156 1124 1206 ee,

146 1237 201 1288 qnn
222 1235 255 1273 ex
281 1237 359 1288 poem
375 1217 442 1272 elini
464 1221 597 1288 postquem
618 1219 801 1289 intelligendo
823 1225 948 1274 eruatur.
981 1223 1123 1276 Weissen-
1150 1215 1153 1224 ’

145 1303 258 1358 bomine
278 1305 306 1358 in
331 1301 421 1355 lehnii
447 1303 516 1355 Nor.
543 1303 640 1356 Annei.
662 1303 696 1356 T.
719 1301 762 1357 35.
787 1325 813 1373 p.
842 1305 906 1359 388:
930 1323 976 1358 me
993 1291 1123 1376 seqnitur

145 1389 303 1445 existiment
323 1387 440 1440 elterem
468 1393 576 1454 pertem
602 1385 754 1442 sententies
786 1391 894 1443 interno
915 1395 942 1444 et
966 1395 1123 1448 necessario

144 1495 216 1531 nexu
232 1475 382 1527 cohaerere
395 1488 458 1523 curn
476 1471 519 1536 iis,
542 1487 613 1538 qnae
634 1471 779 1538 Quinctius
800 1476 929 1541 loquutus
942 1476 988 1529 sit.
1022 1479 1062 1531 Ae
1075 1497 1123 1531 ne-

145 1561 253 1632 gandus
272 1557 455 1612 eret‘emnino
470 1571 545 1619 uses,
559 1557 605 1623 qui
621 1557 808 1625 negligentiae
820 1561 931 1613 nornine
944 1579 997 1614 non
1014 1567 1123 1628 poteret

146 1643 274 1702 stslriliri.
317 1642 417 1694 l'erunr
447 1641 587 1708 perspexit
614 1643 772 1696 Alschefski
793 1646 940 1698 emendans
965 1665 1029 1716 qnae
1047 1655 1122 1716 pest-

144 1749 221 1800 pnem
236 1735 295 1782 rent
311 1727 419 1788 ondita,
445 1743 522 1794 poem
543 1729 657 1795 undique
680 1729 806 1797 primores
824 1738 929 1797 patrem
944 1759 979 1770 ·-
1005 1733 1123 1802 inerepa-

142 1823 202 1870 rent
217 1820 268 1865 ete.
285 1809 303 1863 i.
317 1827 341 1862 e.
359 1810 456 1878 qulbus
470 1807 572 1862 eruditis
591 1829 673 1877 quum
690 1821 740 1868 ete.
756 1814 800 1876 22.
816 1815 841 1880 1,
858 1815 884 1866 2.
905 1817 978 1886 (latii
991 1843 1025 1856 ·-
1046 1822 1121 1885 post-

143 1918 222 1972 puam
236 1925 271 1937 -
295 1913 357 1948 euos
371 1902 451 1948 terras
468 1893 552 1948 eedem
568 1898 626 1950 belli
643 1915 741 1952 esse-
757 1901 879 1963 sisterent,
903 1907 1032 1952 verterent
1055 1907 1123 1952 retro

142 1981 369 2040 nenessitatem
392 1980 425 2032 eb
446 1979 574 2032 Romanis
594 1982 665 2036 odie.
703 1983 863 2038 Alschefski
885 1993 960 2037 reete
977 1983 1063 2040 edidit
1077 1987 1120 2038 el·
1259 1983 1264 1998 ¹

143 2073 214 2126 dere.

178 2187 210 2240 ῙιιΙ
227 2179 319 2238 'l'seiti
339 2179 407 2233 Ann.
425 2177 468 2244 12,
486 2165 529 2231 ol.
547 2179 673 2234 omnibus
695 2184 838 2254 cognitum
859 2172 902 2240 est
924 2186 1012 2242 multe
1030 2177 1119 2246 ¹rrerrlsn

142 2269 292 2334 exsilisse,
315 2282 367 2320 see
392 2265 573 2320 demonstreri
595 2283 685 2335 pesse,
710 2285 763 2336 quo
788 2275 893 2339 spectet
912 2273 1029 2327 verbum
1047 2283 1121 2346 peet-

141 2375 229 2430 qnam.
1050 2373 1051 2376 ¹

180 2483 237 2538 cie.
252 2499 279 2550 p.
299 2479 407 2532 Cluent.
423 2473 467 2541 ot,
483 2473 544 2533 ltt.
557 2483 725 2546 posteaquem
739 2480 788 2531 ille
806 2481 977 2547 elrlneterrem
995 2503 1021 2537 ee
1030 2487 1123 2552 filiam

143 2597 178 2611 -
195 2569 344 2629 minaretur,
370 2562 472 2615 mulieri
497 2562 687 2614 crudelissimae
708 2579 808 2615 eoseum
828 2565 1012 2628 fidelissimum
1029 2595 1064 2604 -
1084 2573 1121 2622 ert

142 2643 297 2724 supplicium
317 2648 397 2702 (ledit.
436 2644 620 2697 Scribenounr
649 2652 700 2708 est,
733 2645 774 2698 nti
794 2644 854 2713 ipse
873 2648 1010 2702 sententis
1031 2651 1120 2716 iulet,

142 2745 243 2810 posteo,
263 2751 345 2803 poem.
367 2731 438 2784 Item
464 2729 491 2782 in
517 2729 605 2796 Epist.
631 2731 667 2782 etl
688 2732 767 2784 Fam.
785 2730 810 2794 2,
834 2729 877 2793 19,
899 2730 925 2782 2.
939 2741 1027 2800 postea
1043 2755 1121 2804 possm
1180 2737 1184 2751 ⁴

143 2821 390 2886 mittentesque
417 2832 433 2867 a
457 2823 480 2869 te
502 2815 558 2883 ipse
583 2833 664 2884 neque
688 2818 719 2868 el
745 2817 798 2868 etto
824 2816 879 2867 elie
897 2815 930 2868 tle
947 2818 1060 2873 advento
1077 2825 1122 2874 tuo
1151 2852 1153 2856 ·
1221 2821 1226 2830 “

143 2887 377 2961 settereeusstc.
405 2899 453 2953 nbi
479 2899 544 2953 ride
566 2901 729 2955 Manutinrn.
753 2899 787 2952 ntl
811 2898 867 2952 Art.
894 2901 944 2965 11,
967 2903 1010 2954 12.
1032 2915 1125 2974 postea⁴

143 3007 222 3060 qoem
241 2988 341 3040 litterae
359 3004 375 3038 a
390 2987 523 3038 Belle-
548 2989 640 3040 missae
656 2993 736 3039 essent
751 2990 802 3038 ete.
821 2983 868 3035 unt
893 2985 1051 3040 exonienses
1072 3007 1120 3040 co-

144 3071 220 3124 ‹lices
237 3061 493 3139 hebent'posteeqne
509 3089 594 3138 φιαπι.
630 3073 701 3123 Item
716 3069 749 3122 ele
766 3069 834 3138 Leg.
849 3070 875 3137 2,
888 3069 932 3137 2ὕ,
946 3069 989 3122 64.
1002 3091 1030 3140 p.
1046 3071 1122 3142 Lege

144 3157 220 3210 lllen.
239 3153 264 3220 4,
284 3155 310 3206 9.
330 3153 377 3207 ubi
399 3155 555 3206 Beneekins
577 3172 629 3208 nen
651 3156 777 3207 dubitare
796 3155 921 3218 debebat,
939 3171 989 3207 nee
1011 3173 1122 3223 eonspe-

144 3257 209 3295 rere
229 3239 322 3290 loeurn
344 3238 478 3292 erationis
504 3257 531 3308 p.
552 3240 642 3294 Deiet.
664 3240 707 3306 13,
725 3240 767 3300 eo.
785 3239 832 3293 nlri
847 3240 944 3294 Cicero
960 3240 993 3293 oe
1008 3241 1120 3296 consilio

142 3343 198 3380 non
211 3322 322 3392 scripsit
338 3325 451 3378 devie-tue
472 3331 537 3377 erat.
593 3377 596 3382 ,
637 3373 640 3381 ,

180 3468 231 3522 Vix
248 3465 487 3537 operaepretium
505 3471 549 3518 est
564 3482 675 3520 monere
701 3467 776 3520 loeo·
794 3484 852 3532 ens,
877 3469 907 3522 in
929 3466 1029 3536 qrribns
1052 3457 1122 3522 eon-⁵

143 3553 282 3610 iunctirus
296 3569 330 3605 ex
345 3551 473 3618 obliquae
489 3551 617 3604 orationis
637 3550 742 3604 ratione
759 3554 871 3620 pendet,
897 3553 984 3607 veluti
1006 3555 1063 3607 Cle.
1084 3557 1121 3608 etl

76 3669 79 3674 ·
144 3641 200 3698 ott.
220 3641 246 3704 1,
267 3639 309 3695 13.
333 3633 612 3701 eanen.7,ll,1'l.
636 3635 721 3687 alieni
741 3654 800 3688 esse
823 3638 939 3706 generis,
964 3637 1044 3690 sicuti
1064 3656 1120 3704 eos,

144 3726 174 3778 in
200 3723 297 3794 quibus
321 3721 511 3776 coniunctivus
532 3721 602 3773 ulter
628 3719 709 3774 elteri
729 3722 906 3776 assimiletur.
933 3721 989 3774 cte.
1007 3722 1041 3775 erl
1062 3724 1118 3777 Art.

144 3809 172 3874 o,
187 3809 212 3861 3.
232 3811 278 3862 etsi
290 3808 330 3860 rrs'l
347 3825 408 3862 sene
422 3807 549 3859 isabelem
562 3806 634 3870 novi,
654 3806 721 3874 qued
741 3814 799 3874 poet
815 3809 953 3874 accidisset,
978 3825 1056 3875 peram
1070 3811 1118 3863 ele-

145 3894 240 3948 rls‘ssem
255 3893 291 3946 ed
306 3899 333 3946 te
346 3891 503 3962 Philogeni,
522 3889 613 3942 liberto
628 3895 694 3962 irrep
705 3889 821 3956 litteras,
836 3899 925 3944 temen
938 3894 991 3942 ete.

163 4027 220 4094 lv.
242 4034 271 4092 1.
294 4027 344 4093 De
359 4026 512 4114 congerie
536 4025 715 4092 verborum
738 4037 819 4112 post
840 4023 976 4101 deinde,
997 4037 1121 4111 postea

70 4113 204 4184 deinde
220 4112 346 4180 dietum
365 4123 415 4180 est
429 4113 531 4180 Tem.
554 4115 584 4178 2.
608 4133 642 4198 p.
667 4114 741 4180 242.
771 4109 856 4182 eddi
876 4121 1019 4202 pereunt
1041 4111 1121 4180 haee
