2830 4712
591 295 720 362 nn
838 315 841 324 ·
1083 255 1177 366 cc'

108 471 179 536 lust.
197 473 269 536 Cat.
287 471 342 544 68,
361 466 413 536 21.
437 465 537 550 dicit,
557 466 671 532 omitti
685 486 785 556 posse
797 465 1007 564 particulam,
1025 466 1082 534 ubi
1096 490 1161 549 rea,

109 579 201 645 quam
221 556 330 620 caveri
352 553 511 636 velimus,
534 552 637 642 mugio
660 551 1017 618 inconsiderationem
1040 555 1161 638 veniat,

110 665 201 730 quarn
217 643 288 729 ipsu
306 641 416 706 cautio
431 638 564 729 plenius
582 635 792 727 exponenda.
835 638 915 706 Post
932 661 1054 706 vercor
1070 663 1088 706 e
1104 663 1162 706 oo·

109 731 193 793 micis
210 725 319 791 omitti
335 749 379 791 nc
395 726 417 790 ii
436 725 571 816 quidem
589 723 718 812 opinati
732 733 829 804 sunt,
851 724 909 811 qui
932 746 999 790 non
1026 738 1162 816 reputa-

109 825 188 886 runt.
212 813 277 876 hoo
295 812 434 876 verbum
461 812 559 876 etiarn
575 831 651 876 cum
671 808 839 898 particulis
862 809 1163 897 commmodum,

110 899 267 988 quomodo
301 897 462 962 construi.
521 897 587 962 Sed
620 896 752 962 Cortius
788 895 870 960 adeo
901 900 1086 984 suspicatus
1113 911 1162 966 est

110 987 188 1074 apud
203 985 342 1049 Sallust.
357 981 429 1070 lug.
446 986 499 1066 65,
517 986 549 1048 6.
572 993 650 1072 post
664 993 816 1048 metuens
836 983 946 1048 omitti
962 1005 1063 1072 posse
1075 1009 1130 1051 nc.

131 1098 138 1120 ¹
199 1105 315 1158 Terent.
330 1102 413 1159 Andr.
433 1104 462 1171 3,
476 1102 504 1169 6,
519 1103 563 1158 29.
584 1122 661 1170 caue,
680 1111 706 1157 tc
723 1119 777 1156 esre
798 1103 897 1156 trictcar
916 1105 1020 1160 rcntict.
1053 1105 1111 1160 cte.
1125 1107 1161 1160 etl

168 1190 221 1246 ttt.
237 1189 281 1256 la,
296 1187 342 1242 66.
359 1208 420 1244 cose
430 1193 536 1260 socios,
554 1190 647 1259 inquit.
682 1187 717 1241 utl
730 1187 809 1240 ram.
824 1187 851 1251 9,
864 1185 910 1250 ²4,
930 1187 972 1242 11.
987 1189 1034 1244 cctl
1053 1207 1123 1257 caue,
1137 1192 1162 1246 ri

169 1294 206 1330 rae
222 1291 314 1340 omos,
332 1273 459 1328 centimec
477 1281 530 1328 cto.
566 1272 644 1326 eurr.
658 1270 727 1338 Μ,
749 1271 794 1325 21.
814 1289 891 1335 coac,
912 1274 1028 1340 obceno,
1045 1273 1072 1326 irr
1097 1294 1160 1328 con·

168 1361 298 1415 unctam
323 1359 456 1428 occeperit
482 1359 674 1429 ignorationem
695 1373 789 1410 mcum·
831 1355 944 1410 settun.
968 1355 1028 1412 (lui.
1052 1355 1096 1426 68,
1116 1359 1160 1414 21.

168 1452 254 1498 cauete
266 1443 349 1497 inulti
363 1442 479 1496 unimam
499 1441 640 1496 omittatis.

211 1519 669 1612 Tirocincr.1,'r,r.mm,
685 1540 748 1612 qnae
762 1540 819 1596 aar.

192 1718 219 1779 8.
236 1713 405 1794 Verbum,
429 1735 471 1780 ex
488 1735 557 1802 quo
576 1709 735 1801 penderet
749 1731 810 1785 nc,
838 1709 1039 1799 scriptores,
1061 1737 1160 1805 prae.

125 1805 217 1864 sertim
237 1799 414 1882 historici,
442 1823 540 1889 saepo
563 1799 749 1864 omiserunt
771 1816 848 1860 eum
871 1796 906 1860 in
932 1797 1093 1885 modurn,
1123 1815 1161 1870 ut

121 1885 281 1973 cxrcliqua
297 1886 460 1952 sententia
478 1885 632 1954 substitui
652 1891 764 1972 posset
784 1881 997 1967 cogitatione.

210 2005 273 2058 niv.
297 2007 325 2073 2,
341 2004 368 2071 8,
383 2004 409 2058 5.
428 2023 476 2078 per
498 2007 599 2075 aliquot
621 2005 678 2058 alies
703 2021 736 2057 ca
758 2003 906 2057 remallatio
927 2007 1028 2061 tenuitc
1051 2027 1084 2063 ne
1106 2029 1158 2064 non

170 2091 272 2144 reddito
288 2093 349 2144 uelli
363 2109 472 2156 course,
489 2091 594 2162 reddita
609 2090 669 2143 tettt
690 2089 803 2142 materia
825 2094 851 2141 ct
871 2090 1049 2144 adiumentum
1071 2104 1159 2151 arent.

171 2175 253 2241 Mi,
274 2174 302 2230 4.
324 2182 478 2246 potestatem
500 2175 569 2228 enim
594 2173 759 2228 tribunicium
784 2174 1038 2244 prouocationemque
1059 2188 1160 2248 repeta-

171 2261 249 2325 bant,
268 2277 334 2328 quoe
349 2265 413 2312 onte
427 2257 583 2311 dcccmoiror
603 2265 703 2332 creator
725 2258 826 2312 cumlia
845 2259 925 2328 plebis
938 2264 1071 2328 ficerunt,
1088 2271 1113 2318 et
1128 2283 1161 2320 ne

170 2345 212 2395 eui
229 2345 328 2412 sccudi
341 2351 423 2407 creet,
441 2344 553 2396 conoim
574 2342 667 2398 milites
691 2350 737 2396 out
752 2343 852 2412 plcicm
873 2345 1091 2414 adrepetcntlum
1111 2329 1162 2419 ner

169 2429 332 2481 accederem
351 2429 504 2482 libertatern.
540 2428 618 2482 cuer.
636 2426 710 2480 Bell.
732 2427 786 2480 cic.
801 2426 827 2491 1,
843 2426 887 2480 tl.
912 2431 1100 2487 concurretant
1120 2437 1160 2490 lc·

169 2514 237 2582 goti,
262 2513 423 2565 ecnmrioncr
436 2513 586 2582 uitnniquc
599 2513 728 2577 erilium,
750 2529 782 2566 ne
799 2511 929 2568 dubitaret
942 2518 1074 2585 proelium
1090 2536 1160 2576 cccc-

167 2599 278 2652 mittere.
313 2595 405 2650 Tucit.
419 2601 490 2650 Aua.
505 2597 532 2665 1,
548 2595 614 2653 41.“

214 2701 351 2753 Perverse
372 2705 413 2753 cet
428 2697 538 2771 opinio,
557 2717 611 2770 quo
627 2717 690 2754 eum
707 2697 769 2754 eliis
790 2697 937 2766 hippon-tac
954 2701 1070 2757 verbnm
1093 2711 1161 2762 cert.

171 2791 210 2838 tuc
230 2784 361 2838 omissum
389 2789 469 2852 putat
491 2783 520 2838 iu
541 2787 587 2840 hic
608 2785 688 2838 Cucc-
708 2786 742 2838 Β.
759 2781 829 2852 gell.
850 2781 878 2848 7,
891 2780 936 2838 46.
960 2788 1015 2856 ipsc
1034 2792 1161 2848 maiorem
1236 2776 1239 2788 ¹

169 2877 262 2923 motum
292 2875 456 2940 cupieram,
480 2888 513 2925 ne
538 2874 572 2926 ob
599 2871 716 2924 omnibus
744 2867 891 2921 ciuitatibus
921 2871 1160 2945 circumsideretur,

173 2956 280 3007 consitio
302 2955 407 3020 initui,
432 2958 650 3024 quenadmodum
675 2955 708 3008 alr
725 2954 858 3025 Gergouia
879 2954 1029 3012 discederet.
1063 2959 1100 3016 Et
1119 2962 1161 3018 itu

172 3037 253 3102 *1,36.
273 3041 309 3094 Β.
327 3039 381 3094 civ.
399 3037 426 3106 l,
439 3037 466 3096 8.

110 3197 210 3274 Etiam
233 3201 393 3294 verbum,
432 3208 521 3300 quod
553 3209 746 3275 coniunctio
776 3231 820 3276 ne
852 3215 963 3296 regat,
996 3211 1159 3300 omissum

110 3295 268 3378 videmus,
292 3297 351 3362 sed
377 3319 448 3364 uon
469 3297 511 3363 ab
529 3297 734 3362 oratoribus.
779 3295 915 3361 Tacitus
932 3295 1031 3361 etiam
1053 3300 1089 3366 iu
1106 3299 1158 3366 his
1207 3333 1209 3341 ·

112 3378 271 3454 brevitatis
286 3382 398 3458 studio
418 3381 567 3449 indulsit.
635 3378 637 3382 ’

213 3501 301 3558 Tacit.
316 3503 387 3557 Ana.
401 3502 428 3568 1,
441 3501 466 3556 i.
482 3520 515 3556 nc
530 3502 595 3556 loeti
609 3519 710 3557 ecreuu
724 3499 868 3572 principie,
885 3517 936 3556 neu
952 3501 1079 3559 tristiores
1100 3506 1160 3576 pri-

172 3590 284 3652 mordie,
302 3589 444 3653 Ιαοτίηιω,
460 3579 608 3660 ¹gaudium,
624 3596 726 3658 questo
740 3587 892 3640 adulatione
905 3587 1057 3646 muniant.
1091 3589 1162 3644 vttc

173 3667 301 3726 Wolflutit
316 3673 353 3728 utl
370 3673 397 3758 1,Ι
412 3673 456 3728 65.

186 3841 215 3922 *l
237 3841 470 3914 commutatae
484 3849 675 3930 caeperunt
690 3861 763 3907 voc.
787 3865 830 3910 nc
849 3852 881 3910 et
896 3861 969 3906 nee.
994 3838 1054 3906 ud.
1069 3841 1158 3908 Dra-

114 3916 205 4018 kenb.
221 3927 260 3992 ad
276 3929 348 3995 Liv.
363 3932 418 4011 68,
432 3929 559 4010 88,'10·
588 3931 621 4009 6,
638 3931 692 4002 21,
706 3931 737 3994 6.
768 3931 801 4007 9,
820 3933 872 4009 17,
887 3929 920 3991 6.
932 3924 1101 3993 'Curtium
1117 3929 1159 3994 ad

114 4003 297 4102 Plra.Epist.
316 4019 348 4093 2,
367 4019 409 4092 9.,
422 4013 591 4080 Walther.
608 4013 650 4078 ad
663 4011 868 4080 Tacitnnu.
887 4013 938 4093 14,
954 4007 1009 4078 66.
1034 4013 1086 4098 16,
1107 4021 1158 4082 18.
1233 4023 1240 4038 ‘

117 4091 266 4166 Goereuz.
281 4099 323 4168 acl
339 4101 410 4168 Cic.
427 4101 524 4170 read.
542 4107 575 4178 2,
590 4103 644 4184 26,
661 4101 713 4170 82.
