2846 4718
252 284 320 350 292
428 313 431 326 .
755 277 863 349 NON.

248 465 302 520 ase
315 477 357 506 -ν-
380 448 517 540 quidem
532 457 709 536 aequatura
729 447 982 540 lioseuhcyniua
1001 447 1036 516 in
1053 441 1207 517 Seeb'odii
1221 451 1304 520 Nor.

226 581 228 584 -
251 542 407 624 Prompt.
424 542 456 618 2,
477 541 509 601 2.
530 557 562 622 p.
587 537 640 599 84.
663 536 806 600 omissae
825 536 1009 624 negationis
1034 537 1304 625 supplementum

252 646 298 690 ex
314 625 423 701 altera,
439 643 521 710 quae
535 630 701 706 sequatur,
717 623 951 688 enuntiationis
968 633 1060 722 parte
1077 622 1196 688 attrahi
1207 647 1305 712 posse

256 710 444 788 existimat,
466 708 607 794 siprior
631 729 708 793 pars
732 730 800 771 non
827 710 925 796 plena
945 719 1072 774 nitatur
1086 710 1118 773 in
1137 708 1239 774 verbo
1255 711 1305 776 al·

251 798 358 860 terius
373 795 491 882 partica
524 793 579 856 ubi
603 815 680 856 vcro
701 805 838 880 utraque
861 816 937 882 para
960 813 1057 858 suum
1083 794 1203 860 habeat
1229 818 1305 862 ver-

252 881 351 958 bum,
374 891 429 944 aut
447 878 583 944 verbum
602 879 632 942 in
652 881 757 965 priori
783 890 875 964 parte
896 880 1079 966 praecedat,
1105 880 1169 946 dici
1183 882 1304 947 debere

251 991 322 1033 naa
336 965 438 1030 moda
454 987 533 1031 aaa.
575 966 669 1044 Quae
694 966 855 1029 sententia
870 966 1021 1052 plurimis
1036 965 1179 1053 placuit',
1203 971 1303 1034 etiam

249 1053 355 1118 Henr.
377 1051 516 1138 Meyero
537 1049 576 1114 ad
592 1050 672 1114 Cic.
694 1051 786 1114 Orat.
809 1057 841 1130 2,
858 1057 889 1118 5.
908 1053 965 1139 qui
986 1062 1086 1140 negot
1106 1053 1301 1119 Ciceronem

251 1139 292 1203 ad
316 1143 382 1203 Ast.
408 1143 458 1216 10,
481 1139 512 1200 8.
540 1135 683 1200 scribere
701 1137 848 1224 potuisse
868 1159 906 1202 re
933 1159 1014 1202 num
1039 1161 1106 1202 non
1126 1137 1228 1202 modo
1244 1163 1303 1204 ra-

248 1247 361 1289 mano
377 1221 509 1287 homiui
531 1219 720 1297 tolerabile,
756 1221 818 1287 sed
840 1245 883 1286 ae
904 1161 1036 1288 {errae
1060 1223 1198 1311 quidem
1213 1212 1302 1290 scm,-

249 1307 572 1402 promerendam,
602 1317 658 1371 aut
681 1331 827 1395 regnam
854 1332 922 1373 aaa
945 1307 1048 1374 moda
1067 1333 1135 1377 aon
1157 1333 1301 1386 romano

247 1395 397 1476 damini,
431 1392 493 1458 aed
527 1415 571 1458 ne
598 1391 726 1458 Persae
759 1392 896 1482 quidem
926 1396 1086 1482 cuiquam
1113 1395 1301 1462 tolerabile.

247 1481 377 1546 Tamen
400 1477 522 1566 legitur
550 1479 638 1565 apud
665 1481 733 1544 Cic.
756 1503 791 1568 p.
809 1479 897 1544 Mur.
925 1485 957 1558 8,
982 1486 1013 1546 8.
1031 1483 1210 1568 atqaelroc
1232 1505 1301 1548 noa

166 1627 169 1635 .
247 1566 349 1631 morlo
373 1563 626 1642 conlaudari,
656 1565 781 1629 redae
805 1565 1299 1654 concediquirlempoteat.in
1408 1613 1410 1622 ‹

246 1655 345 1717 Verr.
364 1658 396 1730 8,
419 1654 474 1724 48,
491 1655 563 1714 111.
587 1651 704 1715 multis
720 1663 833 1726 autem
849 1675 918 1716 nan
932 1651 1034 1716 modo
1047 1675 1203 1739 granum
1216 1653 1296 1717 aral-

245 1738 328 1815 lam,
348 1736 412 1802 aed
434 1758 477 1802 ne
495 1735 621 1820 paleae
636 1735 774 1834 quidem
804 1761 844 1802 ex
866 1736 961 1802 omaa'
975 1734 1299 1888 1811010-τείἱο-

245 1833 435 1974 puereatur.
480 1821 523 1884 Ε1
539 1820 627 1908 apud
642 1823 771 1886 errum
788 1821 819 1898 4,
835 1827 866 1901 3,
885 1829 935 1887 10.
1011 1847 1129 1888 amam
1152 1824 1237 1908 Ram
1264 1849 1299 1890 a·

243 1933 427 2060 rirrnanam
441 2029 473 2042 ‹-
498 2015 672 2079 regnasse.
690 1995 756 2058 cte.
772 1994 812 2056 ad
830 1993 917 2059 Fam.
934 1999 1088 2073 10‚10‚3.
1106 1997 1157 2060 vd.
1174 2019 1208 2082 p.
1222 2001 1298 2062 290.

243 2078 356 2144 Etiam
384 2078 545 2144 Antonius
581 2078 615 2140 in
645 2077 798 2142 Excursu
832 2079 923 2144 Orat.
959 2081 1089 2146 Catilio.
1126 2079 1297 2147 Ciceronis
1409 2079 1410 2092 ¹

244 2163 358 2232 addito
378 2187 418 2251 p.
442 2167 495 2228 76.
520 2162 673 2246 loquitur
700 2165 740 2228 de
769 2187 840 2228 noa
874 2159 976 2230 altero
1003 2168 1297 2249 tumtomtuendo,

243 2261 347 2337 quarm
375 2249 508 2336 negatio
541 2249 672 2312 aliunde
706 2249 908 2336 intelligatur
939 2261 1037 2338 utque
1068 2253 1296 2340 praedicatum
1409 2253 1410 2258 ’

241 2338 416 2423 utriusque
448 2334 686 2420 propositionis
709 2337 798 2402 idem
828 2337 869 2400 sit
893 2347 1025 2402 etcum
1050 2341 1226 2426 negatione
1245 2339 1297 2404 rel

240 2433 399 2509 'aequatur
415 2421 466 2486 vel
484 2421 676 2571 praecedat.
730 2421 1080 2488 Weissenbornius-in
1108 2425 1295 2490 Grammat.

264 2511 372 2574 ,878
399 2507 454 2573 ubi

238 2523 383 2680 lgraviori
397 2593 567 2682 componi,
590 2592 714 2679 pergit,
735 2615 832 2682 saepe
845 2592 928 2673 fieri,
942 2605 978 2660 ut
995 2618 1064 2660 aaa
1087 2606 1192 2660 totam
1216 2619 1295 2661 aeu-

236 2682 376 2746 tentiam
399 2691 517 2766 neget,
547 2680 582 2745 in
609 2678 797 2764 quamodo
823 2701 894 2744 rem
922 2684 1086 2746 minorem
1105 2681 1295 2770 essesigni-

236 2765 329 2831 iicet:
361 2766 388 2830 si
414 2777 524 2830 autem
555 2765 684 2829 dicatur
712 2787 781 2828 nora
807 2765 909 2830 mado
935 2789 1015 2842 non,
1039 2768 1185 2854 priorem
1201 2790 1294 2851 rem,

237 2873 320 2938 quae
349 2851 451 2924 absit,
504 2871 572 2914 non
619 2849 710 2934 parvi
754 2851 935 2928 momenti,
980 2851 1115 2917 alteram
1155 2855 1292 2919 maioris

236 2960 305 3002 esse
332 2936 496 3002 momenti
517 2934 640 2999 viderie
665 2934 752 2998 unde
765 2934 903 3002 fortnsee
920 2937 1037 3024 aliquis
1053 2938 1196 3026 colliget,
1220 2961 1293 3006 nore

233 3021 337 3090 moda
389 3023 485 3086 ertim
518 3021 702 3102 minorem,
748 3025 867 3108 partim
899 3025 1061 3090 maiorem
1092 3047 1165 3091 rem
1201 3025 1293 3090 indi-

234 3131 320 3173 care.
363 3043 472 3173 Etiam
495 3103 678 3170 Kiihnerus
705 3104 746 3170 ad
771 3107 841 3172 Cic.
865 3108 965 3174 Tuae.
993 3115 1022 3188 1,
1051 3115 1103 3187 36,
1128 3115 1181 3176 87.
1211 3132 1291 3177 curn

232 3191 351 3260 Beiero
374 3193 414 3256 ad
432 3191 500 3257 Cic.
520 3190 561 3256 de
579 3191 646 3256 Off.
662 3213 699 3279 p.
715 3197 775 3258 167
795 3215 863 3258 aaa
877 3194 985 3272 mado
1000 3217 1070 3260 aaa
1086 3197 1151 3261 dici
1172 3198 1291 3263 existi·
1335 3227 1337 3245 ι

231 3289 347 3360 mant,
368 3277 503 3365 quando
527 3278 634 3341 maior
649 3290 747 3364 atque
770 3280 902 3363 gravior
924 3303 977 3345 res
999 3282 1123 3348 minori
1149 3301 1290 3367 proece-

232 3365 307 3430 dat:
343 3365 416 3451 ipse
431 3373 543 3428 tamen
558 3363 616 3429 ille
636 3364 731 3428 affert
754 3365 823 3430 Cio.
850 3365 889 3431 de
908 3363 979 3431 lnv.
994 3373 1026 3445 1,
1044 3369 1097 3446 55,
1121 3372 1194 3432 108.
1217 3391 1290 3434 uara

229 3449 333 3516 modo
347 3449 387 3514 id
399 3473 468 3514 non
484 3448 631 3538 adeptus
648 3473 730 3532 esse,
752 3450 813 3516 sed
829 3451 866 3516 in
880 3473 1034 3530 eummas
1050 3453 1210 3533 miseriae
1226 3454 1288 3528 iru-

229 3536 367 3602 oidiase.
411 3536 656 3602 Lindemannos
681 3535 723 3601 de
745 3536 912 3604 adverbio
938 3537 995 3604 tv.
1012 3557 1055 3626 p.
1084 3543 1135 3604 19.
1162 3540 1287 3606 miram

228 3623 408 3710 proposuit
431 3621 704 3713 explicationemr
736 3642 806 3688 narr
836 3622 938 3689 modo
961 3647 1031 3689 non
1058 3624 1122 3690 dici
1142 3635 1180 3688 ut
1213 3648 1288 3691 non
1407 3629 1408 3706 i

228 3720 366 3776 marram
386 3731 471 3787 non,
494 3709 551 3774 sed
568 3731 639 3772 nors
665 3706 943 3795 modo,=dempta
970 3710 1073 3775 ultera
1094 3713 1285 3796 negatione,

228 3793 413 3882 significare
433 3817 524 3858 nunc
551 3816 631 3858 aaa.
669 3792 826 3858 Klotaius
851 3795 893 3860 ad
920 3795 987 3860 Cic.
1014 3796 1115 3862 Tuae.
1142 3818 1178 3882 p.
1205 3803 1285 3864 128.

228 3901 332 3966 quum
357 3880 392 3945 in
421 3879 481 3945 hac
505 3878 648 3943 dictione
682 3878 819 3966 aliquod
854 3881 1045 3947 anacoluthi
1075 3903 1179 3970 genus
1211 3893 1286 3948 ata-

226 3966 362 4045 luisset,
384 3987 419 4052 p.
448 3971 520 4032 191.
542 3964 607 4029 nisi
627 3962 739 4044 fallor,
767 3965 808 4030 ad
831 3987 903 4032 eam
928 3969 1031 4046 riam,
1063 3989 1211 4056 quaego
1226 3967 1284 4034 in·

226 4051 320 4140 gredi
350 4051 465 4131 soleo,
494 4049 612 4131 rediit,
635 4059 745 4115 tomen
761 4051 795 4115 in
812 4075 852 4118 eo
868 4053 1050 4132 discedens,
1072 4053 1283 4142 quodmodo

218 4160 291 4226 pro
312 4136 423 4206 solam
451 4138 596 4226 accepit,
622 4135 766 4205 reddens
786 4159 848 4228 per
870 4161 949 4210 nur.
1006 4138 1118 4210 Etiam
1139 4140 1283 4210 Hottin·

274 1929 331 1972 am
346 1931 416 1973 non
438 1906 540 1974 modo
565 1929 634 1970 raon
651 1907 863 1994 patriciam,
888 1907 950 1973 sed
971 1932 1014 1973 rae
1038 1910 1144 1974 ciuem
1161 1911 1219 1998 qua‘
1237 1911 1299 1975 'em
1375 1960 1379 1966 ,

507 2507 596 2572 ocuit
622 2527 684 2592 per
712 2531 780 2572 aon
802 2507 904 2572 modo
929 2529 999 2574 rem
1024 2511 1189 2574 minorem
1215 2532 1295 2576 oum
1408 2543 1409 2548 ¹
