2858 4714
592 293 749 366 NEMPE.
1139 303 1203 374 156

134 465 450 621 urrunnu
465 455 1201 638 arceri,,reprimeret

137 640 303 727 suspicor.
343 637 519 704 Alteruant
540 636 687 728 syllabae
709 655 772 728 pte
802 640 849 716 (iu
871 601 1034 726 mihipte,
1057 631 1199 728 'suopte)

133 747 202 814 pe,
241 735 275 790 te
305 721 356 812 (iu
384 728 486 803 tute),
525 733 560 788 et
590 722 742 792 eumdem
772 723 1046 814 significationem
1075 723 1201 794 habent

137 811 405 896 monstrativum.
446 808 542 872 Vltra
557 811 715 898 progredi
731 811 766 876 in
781 809 843 876 huc
858 811 1052 900 quaestione
1068 833 1138 878 uon
1154 813 1200 880 li·

139 906 204 963 cet.
256 895 370 976 Quare
391 893 460 960 eive
486 893 567 960 dicis
590 907 712 984 nempe
740 917 811 964 esse
829 896 957 964 factum
982 917 1025 964 ex
1050 909 1200 986 nempte,

138 979 208 1046 sive
224 980 388 1070 syllabam
408 1001 458 1068 pe
472 980 679 1070 primitivam
699 993 814 1074 putee,
838 983 1035 1052 vocabulum
1059 1006 1145 1050 nam
1166 987 1199 1052 vi

141 1065 311 1136 definitiva
326 1064 483 1156 augescit.

223 1191 320 1262 Nam
336 1213 442 1282 quum
457 1215 530 1260 rem
545 1193 690 1282 aliquem
707 1192 856 1282 designet
870 1204 904 1260 et
924 1191 1080 1279 deliniat,
1100 1219 1200 1264 nem·

136 1303 185 1370 pe
201 1280 227 1346 ei
254 1281 364 1346 nilicat
379 1301 452 1346 rem
474 1301 575 1346 essen
601 1291 707 1347 ertam
729 1291 763 1348 et
789 1290 933 1356 certum,
955 1301 1040 1368 quae
1063 1281 1113 1348 vel
1137 1306 1200 1383 per
1246 1329 1248 1338 .

141 1388 177 1431 ee
193 1304 250 1433 rel
260 1389 322 1455 per
340 1364 417 1435 aliae
432 1387 485 1432 rea
505 1304 710 1455 intelligatur
735 1375 769 1433 et
792 1374 925 1432 constet
949 1376 1040 1432 extra
1066 1366 1200 1435 dubita-

142 1453 283 1520 tionem.
325 1449 391 1518 Sed
408 1452 547 1541 propria
569 1462 619 1518 est
634 1449 717 1518 haec
733 1450 894 1540 particula
909 1450 1080 1540 colloquii,
1100 1464 1200 1542 atquc
1323 1509 1326 1518 i

143 1538 221 1604 inde
236 1540 272 1607 iu
282 1539 452 1604 orationes
467 1537 643 1604 translata:
669 1559 771 1626 quare
786 1559 824 1602 ea
841 1536 946 1604 rarius
961 1548 1102 1606 utuntur
1120 1561 1199 1606 ora-

143 1634 252 1706 tores,
280 1624 346 1692 nial
373 1622 431 1689 ubi
461 1623 686 1712 colloquentis
716 1645 898 1713 personam
929 1622 1081 1689 induunt.
1133 1625 1198 1692 Sed

143 1709 345 1798 Hartungiup
370 1709 556 1796 existimat,
579 1731 652 1775 eam
679 1731 778 1799 posse
800 1707 961 1798 appellari
982 1713 1199 1797 interrogati-

76 1838 80 1843 ·
143 1817 238 1877 vam,
270 1795 431 1884 quoniam
452 1815 537 1883 quae
561 1795 722 1886 opinione
745 1794 996 1883 concipiantur,
1033 1798 1133 1862 ctiam
1162 1820 1199 1866 m
1292 1799 1296 1808 ’

143 1881 286 1947 modum
316 1881 584 1982 interrogationis
615 1884 745 1970 possint
766 1880 994 1970 pronuntiarit
1023 1881 1079 1948 alii
1101 1881 1199 1952 dixe·

143 1977 223 2036 runt
245 1989 367 2054 nempe
396 1967 521 2056 ubique
542 1970 696 2034 accedere
717 1965 759 2033 ad
785 1967 1082 2054 interrogationem
1111 1991 1199 2059 pro·

67 2046 69 2067 ¹
142 2063 286 2144 pterea,
300 2052 390 2142 quod
409 2054 437 2120 si
459 2053 589 2120 nilieet:
611 2049 747 2122 uouue'l
771 2063 863 2120 estne
885 2051 954 2122 ita'l
996 2057 1040 2120 At
1064 2053 1200 2122 aliaest

143 2141 192 2206 uie
210 2139 410 2228 particulae,
431 2078 495 2207 ilia
511 2139 624 2206 forma
649 2139 828 2222 orationis,
852 2161 937 2226 quae
960 2137 1052 2206 illam
1076 2140 1199 2208 mode-

142 2236 253 2304 ratur,
283 2247 360 2292 uon,
377 2226 494 2312 gignit.
535 2225 624 2292 Nam
648 2247 788 2323 nempe,
812 2226 911 2312 etiam
933 2235 1027 2292 extra
1051 2226 1198 2293 interro-

168 2313 314 2377 etionem
336 2313 503 2400 positum,
525 2309 672 2379 affirmat
695 2309 831 2378 directe.
875 2311 990 2398 Neque
1007 2311 1126 2378 melius
1141 2321 1200 2379 aut

144 2335 327 2480 distinctius
357 2397 392 2463 id
420 2397 551 2465 uidetur
585 2419 673 2480 erae,
712 2394 806 2484 quod
841 2396 1011 2462 nonnulli*
1034 2397 1199 2466 ironicam

143 2483 341 2572 particulam
358 2483 515 2573 ambiguo
533 2483 636 2548 verbo
655 2493 787 2549 vocant.
829 2479 941 2548 Ironia
958 2484 1048 2548 enim
1065 2482 1107 2548 ad
1122 2481 1199 2550 for-

143 2592 236 2636 mam
270 2569 431 2636 orationis
461 2568 609 2658 pertinet
646 2578 744 2654 atque
781 2566 914 2632 aliunde
954 2565 1100 2649 accedit,
1136 2591 1197 2636 nee

144 2677 223 2720 usus
243 2653 423 2742 particulae
444 2666 577 2722 tantum
600 2651 641 2719 ad
665 2652 962 2718 dissimulationem
989 2663 1045 2717 aut
1065 2654 1207 2720 irrisio-¹

144 2763 223 2826 nem
238 2753 374 2830 spectat.
416 2741 565 2808 Aliarum
580 2739 769 2828 linguarum
792 2737 948 2805 vocabula
971 2737 1000 2804 si
1022 2759 1200 2826 compara-

144 2848 238 2905 mus,
267 2827 370 2894 latino
394 2827 428 2893 in
475 2825 606 2893 lurimie
641 2847 693 2890 res
721 2821 825 2890 ondet
854 2823 1082 2912 germanicum
1110 2825 1199 2906 halt,
1299 2839 1303 2847 '
1424 2817 1425 2830 ¹

144 2911 190 2977 lau
207 2924 276 2986 ter,
299 2912 428 3002 dequo
485 2911 654 3000 artungiue
676 2911 685 2935 '
710 2933 780 2978 om.
794 2915 826 2976 2.
849 2933 885 3000 p.
900 2911 977 2976 416.
1002 2909 1198 2992 disputavita

144 2998 181 3062 in
197 2997 396 3100 quibusdam
414 2995 836 3101 dictionibus'declarandis
852 3017 1004 3148 praecum
1026 2993 1091 3098 oria·
1103 2997 1200 3062 ndlri-

146 3081 496 3260 {ttulittlttttlt}
512 3084 777 3236 tltltnltt
790 3082 851 3150 “d
876 3082 984 3150 ιω
998 3091 1061 3172 ¹²⁹*
1076 3105 1126 3166 “²⁵
1147 3083 1199 3152 '⁰¹

230 3290 426 3371 ¹llcirrdorllue
439 3289 532 3346 reddit
544 3307 595 3361 per
610 3291 678 3344 dealt
698 3287 783 3353 uolt,
800 3285 868 3340 decli
887 3290 916 3340 et
930 3289 1010 3355 putet
1028 3282 1198 3352 iudicarim,
1226 3347 1231 3358 ¹
1271 3329 1275 3347 .

191 3415 199 3438 „
211 3375 285 3444 quod
301 3376 345 3443 ei,
369 3376 419 3446 qui
439 3375 578 3446 loquitur,
599 3381 705 3430 certum
721 3372 851 3436 ridetur,
877 3369 963 3425 etie'm
985 3370 1029 3437 ei,
1049 3371 1097 3442 qui
1112 3371 1201 3440 audit,

214 3460 303 3516 videri
317 3462 428 3518 debere.
462 3462 517 3518 Sed
532 3479 603 3534 quoe
619 3461 706 3518 alleri
721 3457 865 3526 exemplu,
880 3473 934 3512 neu
948 3455 1041 3512 omniu
1055 3457 1201 3529 quadrent.

229 3611 256 3679 Ι.
280 3619 310 3682 1.
340 3615 492 3684 Primum
515 3615 617 3704 igitur
640 3631 780 3698 nempe,
801 3607 1000 3674 vocabulum
1026 3607 1199 3696 colloquii,

149 3695 269 3764 iudicat
292 3698 416 3768 claram
431 3723 504 3767 esse
520 3714 553 3766 et
569 3695 801 3764 affirmandam
822 3714 953 3759 remex
973 3693 1118 3773 alterius,
1141 3696 1198 3780 qui

149 3781 370 3872 colloquitur,
392 3787 553 3854 sententia
569 3784 619 3849 vel
635 3792 759 3849 mente.
803 3779 857 3845 Ex
872 3778 1005 3845 alteriue
1018 3779 1108 3842 enim
1126 3799 1199 3844 ver-

151 3864 200 3932 bis
225 3870 355 3936 ducitur
378 3882 631 3963 argumentum,
660 3867 713 3935 vel
743 3865 875 3932 additur
902 3865 962 3941 iis,
999 3871 1083 3952 (ltine
1112 3863 1198 3931 dicta

148 3965 260 4034 erant,
282 3956 484 4037 affirmatio,
508 3977 576 4044 que
590 3976 688 4021 sensu
707 3949 894 4041 accipienda
919 3949 996 4015 sint.
1040 3951 1198 4016 Germani

147 4039 332 4128 loquuntur
358 4046 409 4110 ia.
452 4042 614 4110 Particula
630 4039 720 4106 enim
738 4041 804 4104 vim
824 4035 920 4101 habet
944 4035 1125 4100 verborum
1146 4049 1198 4104 eet

147 4127 222 4207 itu,
245 4151 378 4216 negare
393 4155 462 4198 non
473 4140 594 4219 poter,
614 4123 666 4195 vel
685 4124 776 4216 quod
799 4123 1062 4208 interrogatione
1082 4122 1197 4212 expri·
1232 4163 1235 4167 -
