2804 4722
160 209 164 222 ’
238 255 304 324 aa
708 251 832 328 ausu.

236 421 1129 608 tittt'ttttt'tttttttt..ittttttt‘t
1151 431 1287 584 titii

238 599 299 666 bus
319 598 519 686 comparari,
542 607 579 662 ut
593 597 713 665 reddas
731 599 781 665 im
840 597 1003 687 ergler'ch.
1054 601 1125 667 Nec
1149 623 1287 693 semper,

236 689 286 753 uti
302 683 501 752 existimavit
522 685 756 767 Geruhardus,
783 695 972 750 contemtus
999 685 1213 772 significatur.
1253 689 1287 756 ld

236 774 323 847 bene
335 773 437 840 etiam
453 770 496 840 Ο.
511 771 560 840 Μ.
581 771 744 840 Miillerus
768 772 940 862 perspexit
966 771 1001 841 iu
1021 773 1140 842 libello
1155 777 1198 844 de
1212 777 1243 844 vi
1257 787 1288 844 et

235 881 297 928 usu
316 859 495 936 verborum
511 859 735 945 quorumdam
756 858 814 924 lat.
831 880 866 947 p.
886 864 936 924 12.

338 978 431 1032 Plaat.
450 977 541 1031 Cara·
552 978 579 1043 1,
597 978 624 1044 2,
641 976 668 1032 t.
687 980 803 1032 casiam
818 986 981 1050 mmm
993 981 1057 1034 adar
1070 997 1138 1050 prae
1153 987 1199 1038 tas
1217 1001 1285 1038 sas-

239 1081 242 1091 ·
301 1071 347 1122 aa
366 1071 415 1120 est.
437 1062 517 1132 Epid.
535 1063 562 1130 d,
579 1062 607 1131 4,
623 1061 668 1118 et.
683 1081 729 1120 ace
748 1064 856 1118 minaris
868 1064 945 1134 facia
964 1082 1030 1135 asse
1052 1067 1108 1130 illa.
1142 1065 1284 1136 111144,

299 1150 328 1206 d.
345 1169 397 1206 aaa
412 1167 471 1203 sam
484 1148 660 1219 dignaremus
674 1155 708 1213 ts,
722 1150 853 1220 atfigaas
864 1149 958 1219 palca
973 1151 1001 1204 ia
1013 1151 1151 1220 cadmea.
1164 1150 1286 1221 enta.

300 1235 386 1291 Most.
402 1234 430 1300 1,
445 1232 472 1299 8,
486 1231 531 1288 88.
549 1235 622 1288 cidsa
635 1242 662 1290 te
673 1236 752 1288 mitt
763 1235 876 1305 μάσω
893 1251 961 1303 pras
975 1235 1129 1310 l'lrslulmla
1145 1256 1231 1302 caasa
1241 1240 1286 1292 ta·

301 1323 389 1377 mines.
418 1317 528 1374 camel.
552 1319 634 1372 num.
652 1318 696 1390 10,
722 1317 748 1374 4.
774 1319 911 1386 videbant,
934 1318 1051 1372 Eumene
1072 1329 1184 1391 recepta,
1203 1341 1287 1377 annes

251 1445 255 1455 ·
300 1425 368 1482 prae
384 1408 430 1460 tito
443 1404 649 1478 paraisaturus.
684 1401 742 1456 cie.
761 1402 829 1471 Agr.
846 1401 873 1467 2,
891 1401 934 1469 35,
952 1401 996 1457 96.
1017 1403 1127 1458 Rumam
1148 1407 1176 1458 ia
1192 1409 1287 1460 meati-

236 1483 240 1490 ’
302 1497 350 1550 aas
360 1492 473 1564 pesitum
491 1515 527 1528 -
545 1487 740 1557 augustissimis
754 1487 853 1540 semitis
865 1504 932 1556 prae
946 1505 997 1541 saa
1024 1489 1118 1558 Capua
1134 1491 1286 1562 plantiniana

298 1580 326 1634 ia
343 1581 397 1634 aaa
417 1575 547 1646 eradicata
562 1592 593 1628 uc
610 1591 676 1653 prae
693 1573 747 1626 illis
769 1573 868 1626 scaritis
889 1573 1041 1626 irridebant.
1064 1571 1144 1627 Brut.
1161 1573 1206 1644 ⁸3,
1225 1575 1284 1630 286.

300 1666 372 1736 isque
393 1680 420 1718 sa
441 1662 480 1715 ita
498 1668 576 1732 putat
598 1661 716 1724 atticam,
734 1663 765 1711 at
786 1674 861 1710 ceras
881 1657 939 1711 illus
959 1675 1026 1728 prae
1045 1675 1072 1712 se
1084 1675 1151 1728 pesa
1170 1669 1286 1732 agrestes

251 1741 257 1754 '
296 1755 382 1822 patet.
408 1763 435 1816 p.
459 1745 543 1802 Rasa.
566 1743 627 1797 Am.
649 1742 694 1808 4⁶,
712 1740 774 1798 lta.
799 1739 828 1794 iu
853 1739 929 1798 terr.
951 1739 979 1808 4,
998 1741 1041 1808 le,
1063 1740 1108 1797 4⁰.
1125 1743 1285 1816 ser.1,1t,

298 1832 342 1886 81.
370 1833 451 1886 Caes.
476 1829 511 1883 B.
538 1829 607 1900 gall.
632 1829 668 1895 2,
696 1827 740 1880 3⁰.
765 1827 914 1898 puramque
939 1827 1083 1881 haminibus
1107 1829 1196 1884 Gallis
1220 1850 1285 1902 prae

236 1985 243 1992 Ι
298 1917 479 1988 magnitudine
503 1933 639 1986 corporum
661 1931 767 1966 sauram
795 1911 907 1965 brevitas
928 1919 1020 1964 austra
1051 1915 1208 1986 contemptui
1238 1923 1283 1970 est.

299 2001 399 2055 Horat.
418 1999 508 2070 Epist.
529 2000 554 2069 1,
570 1999 613 2070 11,
627 1997 653 2051 4.
679 1994 735 2050 rid.
750 1995 956 2050 Drakenborch.
973 1995 1009 2052 ad
1029 1996 1090 2050 lslr.
1109 1997 1135 2064 ὃ,
1152 1998 1197 2067 10,
1214 1997 1243 2056 7.

263 2165 270 2180 ¹
331 2101 390 2156 cic.
410 2103 447 2156 ad
459 2102 538 2156 Fam.
557 2099 583 2170 4,
594 2098 621 2165 4,
634 2097 660 2152 6.
678 2116 733 2167 aas,
744 2098 790 2168 qut
806 2098 876 2151 dauri
894 2116 990 2165 samm,
1008 2101 1058 2154 titi
1075 2103 1144 2156 teats'
1160 2103 1285 2160 eidem

296 2189 336 2242 At
352 2193 443 2241 cantra
456 2188 528 2242 sadis
546 2204 601 2240 aaa
616 2193 646 2238 ta
662 2184 766 2256 quidem
786 2177 883 2237 uacuas
904 2183 1036 2253 molestiis,
1055 2187 1101 2238 sed
1121 2203 1188 2256 praa
1212 2193 1285 2246 uit.
1374 2202 1375 2230 i

297 2276 395 2328 deatm.
415 2272 478 2326 Huc
494 2287 548 2324 aaa
567 2272 609 2324 ast
630 2267 722 2338 magis
747 2283 831 2336 quem
853 2285 903 2321 nos
925 2269 1041 2337 beatas,
1059 2269 1106 2323 sed
1127 2271 1285 2342 beatum!

296 2363 476 2429 comparatur·
490 2355 635 2424 utriusqus
651 2351 780 2408 conditio.
798 2369 825 2422 p.
844 2353 876 2408 0.
893 2352 991 2408 Radia
1010 2352 1038 2419 lt,
1061 2352 1104 2410 14.
1125 2375 1194 2426 qaae
1210 2361 1236 2414 si
1255 2361 1285 2415 is

294 2445 341 2500 illu
354 2446 464 2499 minima
471 2443 600 2512 fuissem,
617 2448 707 2495 taurea
717 2455 784 2510 prae
802 2437 855 2494 tais
866 2440 1042 2508 facultatibus
1064 2442 1183 2498 scamma
1199 2453 1283 2517 padc-

295 2537 397 2584 mllili'·
1179 2559 1182 2579 ι
1374 2545 1376 2582 l

330 2627 552 2698 Oudendorpins,
577 2643 661 2698 qaum
682 2625 711 2682 in
732 2627 812 2680 Caes.
837 2623 910 2681 Bell.
929 2625 999 2697 gall.
1015 2627 1042 2694 1,
1060 2628 1105 2683 82.
1121 2645 1193 2683 anus
1208 2631 1283 2688 liber
1374 2671 1376 2684 .

293 2733 375 2772 axau
393 2713 552 2770 exhiberets
573 2715 622 2767 tac
635 2729 688 2768 erse
700 2713 856 2767 murem
867 2715 1064 2783 gravioremque
1073 2718 1212 2782 fastam
1233 2717 1283 2772 Ss-
1374 2777 1376 2788 ⁴

294 2818 455 2873 masuram,
473 2815 541 2867 praa
555 2799 724 2868 reliqueram,
750 2812 804 2849 aun
822 2799 940 2850 multum
965 2794 1064 2863 attuit,
1087 2797 1153 2867 quin
1167 2799 1283 2870 vulgari

293 2886 449 2954 scripturae
465 2899 542 2952 asam
566 2883 738 2950 praetonat,
757 2879 841 2950 idque
863 2881 949 2938 etism
968 2881 1156 2944 somatum
1178 2886 1283 2956 praba·
1375 2877 1376 2882 ¹

294 2969 355 3023 bile
375 2983 437 3022 essa
459 2967 508 3021 ait.
541 2966 578 3020 st
597 2965 702 3020 sellem
726 2965 895 3022 addidissent
910 2965 967 3023 ulis
980 2968 1118 3039 exempla,
1131 2967 1282 3039 inquibus

291 3071 359 3128 pras
377 3068 442 3108 curn
457 3048 646 3121 comparativa
663 3052 827 3106 caumatum
845 3054 928 3106 asset.

287 3161 341 3223 ’7.
363 3157 503 3223 Calissae
528 3154 624 3236 ratio,
648 3175 732 3242 quae
757 3153 797 3218 ad
820 3152 906 3219 hauc
928 3153 1123 3240 particulam
1150 3155 1281 3237 attinet,

224 3243 350 3334 ‘duplex
368 3252 426 3308 est.
468 3239 553 3305 Nam
570 3237 705 3327 siquod
720 3261 780 3328 per
796 3238 941 3328 aliquam
964 3262 1050 3324 rem,
1082 3261 1150 3330 qua
1167 3241 1281 3306 minus

224 3331 301 3410 fiat,
319 3325 472 3417 impediri
493 3334 549 3390 aut
565 3325 719 3390 confieri
738 3324 891 3406 dicimus,
913 3347 950 3392 ea
966 3326 1060 3414 quasi
1075 3326 1281 3394 intercedere

225 3428 258 3488 et
271 3419 385 3483 locum
402 3411 553 3478 obsidere
575 3435 655 3500 prae
671 3412 761 3486 aliis,
787 3431 825 3476 uc
841 3411 1030 3500 praevalere
1047 3411 1186 3478 videtur.
1215 3413 1281 3478 At·

224 3525 289 3592 que
300 3501 365 3566 hoc
389 3521 466 3564 usus
490 3497 635 3563 maxime
662 3497 703 3562 ad
729 3495 879 3562 animum
901 3496 1014 3575 refert,
1041 3519 1209 3579 moerore,
1232 3499 1283 3566 ti-

222 3610 332 3667 more,
362 3583 432 3650 aliis
455 3582 626 3649 aflectibus
651 3591 859 3670 occupatum.
902 3581 955 3648 Cf.
983 3582 1093 3650 Varst.
1114 3582 1156 3648 de
1182 3583 1280 3650 latin.

220 3675 308 3741 falso
325 3694 415 3760 susp.
431 3692 464 3758 p.
479 3673 555 3734 228.
592 3668 683 3734 Tum
706 3690 787 3734 vcro
812 3669 910 3734 etiam
924 3689 1151 3756 quaecumque
1165 3689 1282 3736 caussa

220 3759 421 3848 intelligitur
440 3753 648 3844 praevalente
663 3775 722 3819 sua
738 3755 770 3820 vi
786 3773 1014 3835 commoveas,
1030 3755 1224 3842 praesertim
1244 3755 1282 3822 iu

223 3849 336 3914 auimo
358 3844 431 3920 sita,
453 3839 555 3906 veluti
581 3839 649 3921 ira,
679 3839 847 3927 gaudium.
891 3839 1025 3912 Plautus
1046 3839 1170 3928 Amph.
1193 3843 1225 3919 5,
1249 3847 1282 3923 1,

222 3933 277 3998 14.
301 3927 486 4015 earurgite,
515 3925 636 4014 inquit,
667 3925 726 4013 qui
753 3935 883 3992 terrore
902 3949 977 3994 meo
996 3925 1171 3992 occidistis
1188 3948 1283 4014 prae

222 4027 326 4103 mets.
368 4013 500 4080 'semor
514 4013 588 4078 erat'
598 4010 707 4100 prima
725 4029 854 4089 caussa,
870 4012 928 4078 sed
944 4019 1064 4094 metas,
1083 4011 1124 4076 ab
1139 4011 1200 4076 illc
1216 4033 1283 4078 ex-

224 4103 360 4184 citatus,
382 4097 491 4168 effecit
504 4097 537 4168 si
551 4117 629 4182 saa,
648 4105 688 4162 ut
710 4095 910 4166 acciderent.
953 4098 1124 4183 Germani,
1148 4108 1186 4165 ut
1209 4099 1287 4169 rim
