2894 4716
267 261 348 342 :ssu
423 229 426 237 ’
764 255 862 328 urst.

267 428 484 504 -udmonittre
505 423 792 512 conminuunt,
813 427 1117 496 admonitiohe'tua
1135 435 1209 494 non
1232 432 1337 498 inter·

269 523 422 588 ''cedente
443 518 606 583 incautior
627 512 775 581 fuissem.
820 518 988 582 Sententia
1011 515 1100 581 enim
1131 515 1212 591 huso
1233 519 1335 583 inestr

284 607 423 674 finissem
447 603 622 680 incautior,
644 602 701 666 sed
722 625 794 666 uon
815 602 884 680 iui,
903 623 1018 688 .quurn
1050 625 1069 664 a
1091 611 1124 665 to
1147 601 1339 667 autmonitus

269 704 411 760 'essemz
434 711 533 776 quam
557 687 597 751 ad
620 686 767 752 formum
791 687 846 753 itta
870 689 969 753 verba
991 686 1097 773 Epist.
1122 686 1162 750 ad
1188 687 1256 752 Att.·
1278 710 1334 754 re·

284 777 397 844 vocari
418 797 488 840 non
510 783 660 860 possunt.
705 775 817 852 Quare
841 773 1018 872 primariae
1050 774 1335 838 sententiae‘sver·

269 862 447 930 *bumnon
467 859 592 948 pendet
615 881 656 922 ex
680 859 884 936 secundaria,
903 881 985 945 quae
1001 857 1143 936 additur,
1164 861 1335 942 sententie,

284 950 341 1014 scd
365 970 424 1034 per
448 965 483 1010 se
505 954 650 1020 constat,
680 953 713 1008 et
735 944 791 1007 ubi
821 945 1049 1008 coniunctivus
1077 943 1216 1023 dicitur,
1241 945 1334 1031 cogi-

283 1035 445 1099 tationem
461 1053 501 1094 eo
515 1029 618 1094 modo
634 1029 832 1110 formamus,
848 1051 915 1117 quo
933 1029 1071 1094 dicimus
1086 1030 1149 1094 iaus
1165 1039 1265 1116 turpe
1279 1053 1333 1096 eu-

273 1132 350 1196 ·set‚
369 1113 612 1206 lcocseciesem.
1216 1147 1220 1158 ·
1250 1133 1255 1149 ·

361 1275 456 1350 §Duas
472 1274 573 1358 igitur
597 1271 758 1336 habemus
783 1274 1021 1340 sententiarum
1042 1271 1183 1340 formas.
1225 1273 1334 1338 Altera

268 1360 521 1437 indicantem,
552 1368 704 1445 quaeest
730 1359 779 1424 vcl
805 1370 894 1437 crat,
927 1369 1162 1444 praeterquam
1192 1359 1332 1425 uliares
1426 1381 1427 1424 t

141 1498 151 1508 .
204 1450 208 1455 ’
266 1441 772 1512 ·interceditvclintercedebat.
813 1443 853 1508 ln
872 1467 909 1509 ea
933 1444 1129 1510 indicativus
1156 1445 1333 1532 verbipri-
1426 1495 1427 1506 ,

271 1534 381 1600 marii
405 1533 551 1619 pouitur.
580 1531 646 1593 Cic.
670 1529 710 1592 de
732 1531 808 1594 Seu.
839 1535 890 1610 11,
910 1535 962 1593 86.
986 1551 1069 1594 num
1090 1531 1175 1595 haec
1196 1551 1333 1618 petoque,

271 1617 353 1682 nisi
383 1629 559 1703 tamqnam
590 1615 715 1679 lranaini
747 1616 858 1678 clenna
883 1615 1038 1694 ineuntes,
1071 1616 1333 1704 exstinguuntur

282 1715 463 1768 senectute.
510 1703 601 1764 Verr.
621 1706 651 1778 8,
668 1704 720 1775 52,
741 1708 811 1764 itt.
836 1700 891 1764 itti
912 1701 990 1786 ipsi,
1013 1701 1071 1788 qni
1094 1715 1333 1766 remanserant

268 1789 339 1853 'vix
357 1787 500 1852 (iecrtma
513 1806 597 1868 pure
613 1797 793 1848 oratorum
808 1785 963 1849 relicturi
993 1809 1099 1873 ugron
1124 1799 1235 1864 erunt,
1264 1786 1333 1850 nisi

269 1871 333 1938 nd
343 1871 563 1936 cusMetellns
576 1869 686 1934 Romu
702 1869 837 1934 litteras
853 1871 1011 1936 misisset.
1026 1876 1059 1937 in
1077 1873 1196 1958 quibus
1221 1894 1332 1959 gram-

186 2021 188 2026 ,
270 1959 394 2023 'matini
409 1957 605 2020 substituere
620 1954 870 2042 solentaliquod
882 1957 1029 2031 verbum,
1042 1958 1131 2042 q'uod
1146 1957 1332 2021 couiuncti-

270 2055 326 2108 ‘vo
343 2042 551 2129 respondeat.
576 2041 685 2105 Altera
699 2052 808 2123 autem
826 2042 933 2106 iormu
946 2066 1016 2107 non
1033 2043 1073 2107 de
1088 2065 1125 2107 re
1143 2065 1218 2109 vere
1235 2041 1331 2124 fucta,

268 2125 340 2192 ·'ned
358 2125 398 2192 dc
413 2151 460 2205 re,
486 2149 570 2213 quae
588 2149 656 2190 esse
672 2128 787 2212 possit,
810 2138 865 2190 aut
882 2149 965 2212 quae
982 2130 1145 2214 cogitatur
1168 2149 1254 2208 esse4
1271 2149 1332 2194 ex-

308 2215 399 2296 onii,
422 2214 534 2278 addito
561 2235 612 2290 eo,
643 2211 735 2298 qnod
757 2213 848 2276 iiiam
876 2214 971 2278 tollat
1004 2215 1055 2278 vel
1085 2225 1245 2278 coereeat.
1289 2215 1331 2281 Vt
1426 2237 1427 2240 ’

271 2237 362 2364 ‘iisse
388 2299 616 2386 designentur,
641 2297 748 2362 Latini
773 2299 930 2363 adhibent
956 2300 1094 2364 modum
1122 2301 1331 2363 conditionu-

270 2383 360 2449 ·lem.
404 2383 678 2462 mareote,
703 2391 731 2462 1,
760 2389 790 2449 2.
811 2407 873 2447 nec
896 2407 950 2449 me
981 2383 1168 2471 angoribus
1198 2384 1332 2462 deditii,
1425 2459 1426 2462 Ἴ

267 2468 399 2558 ‘peribas
423 2491 528 2535 essem
558 2465 749 2555 confectus,
793 2469 863 2533 nisi
891 2471 935 2532 iis
966 2472 1176 2535 restitissem.
1227 2469 1332 2533 Sicuti

267 2557 371 2620 'enirn
390 2555 422 2619 si
441 2577 516 2620 cum
538 2551 722 2642 imperfecti
746 2555 954 2619 coniunctivo
983 2558 1207 2641 compositum
1229 2555 1332 2618 sumit

268 2641 424 2726 'aliquam
442 2663 531 2720 rem,
554 2643 635 2704 dum
652 2663 723 2704 eam
743 2661 812 2703 essc
825 2651 934 2725 negat,
956 2640 1000 2705 ita
1018 2663 1077 2728 per
1091 2641 1162 2705 nisi
1176 2641 1333 2705 eximitur

281 2727 482 2812 eliquasse,
516 2747 599 2812 quae
627 2724 726 2791 simul
754 2747 823 2788 esse
844 2725 1048 2790 conceditur.
1093 2725 1183 2790 lnter
1204 2735 1333 2790 utram·

270 2826 344 2900 'que
367 2823 476 2876 autem
500 2821 628 2898 partem
660 2810 839 2874 sententiae
865 2811 1039 2876 intercedit
1054 2810 1255 2888 vicissitudo,
1278 2821 1331 2875 at-

267 2905 344 2984 'que
367 2911 508 2983 utraque
537 2903 686 2976 versatur
718 2895 751 2956 in
786 2895 985 2983 cogitatione
1015 2897 1051 2962 lo‘
1075 2897 1191 2960 uentis.
1250 2894 1331 2961 Cui-

269 2998 422 3066 'cumque
438 3003 517 3046 vero
533 2980 687 3066 scriptori
706 2979 747 3056 id,
765 2982 856 3066 quod
870 2993 1025 3068 negatum
1043 2921 1139 3046 diioui
1157 2981 1204 3047 rei
1221 2990 1332 3062 potest

266 3068 478 3132 'conditionis
498 3065 638 3132 nomine
662 3064 826 3152 subiungi,
849 3089 936 3134 ‚cunt
965 3070 1162 3157 exceptione
1182 3065 1331 3133 affirma-

278 3153 379 3218 tiouis
402 3151 604 3236 coniungere
625 3149 712 3216 licet.

376 3319 439 3374 niv.
457 3318 485 3385 8,
501 3319 546 3386 19,
565 3319 590 3372 8.
607 3339 690 3392 nane,
708 3321 760 3376 aiei
779 3323 868 3378 mini
889 3340 939 3377 ean
966 3329 1057 3392 sponte
1073 3337 1149 3376 arnan
1171 3321 1330 3386 nemrim,

268 3423 270 3432 ·
344 3407 417 3476 cepti
431 3412 456 3459 et
472 3407 558 3460 deleti·
570 3423 682 3460 numm.
699 3408 718 3461 i.
736 3424 760 3460 e.
778 3407 918 3478 nigeseien
939 3409 1041 3472 deuon,
1077 3408 1139 3475 dass
1159 3407 1202 3460 die
1222 3406 1332 3458 tattm

265 3519 271 3526 ·
338 3491 483 3560 srciwiliig
505 3492 546 3544 die
569 3493 675 3559 Wnffen
704 3493 850 3562 ergriffem
882 3508 970 3544 waren
985 3492 1034 3544 teir
1061 3493 1185 3544 oniureu.
1238 3489 1331 3544 Tacts.

343 3574 412 3629 Anu.
431 3575 475 3640 16,
497 3573 540 3629 32.
562 3577 642 3629 simui
669 3578 697 3629 in
721 3577 853 3643 ampiexus
873 3575 1028 3636 occurentis
1043 3577 1124 3643 filiae
1146 3577 1255 3640 metat,
1278 3573 1333 3628 uiti

149 3651 154 3658 ’
264 3689 272 3698 -
296 3678 300 3688 ’
342 3660 471 3714 interiecti
486 3661 592 3716 lictores
606 3662 723 3731 astruente
736 3660 898 3714 obstitissent.
933 3659 1045 3715 Sueten.
1069 3660 1150 3714 Gelu.
1167 3657 1210 3711 lu.

266 3754 270 3765 ’
378 3769 436 3824 cic.
453 3770 489 3824 ud
509 3759 544 3838 Q:
559 3771 595 3822 fr.
613 3769 637 3830 l.
657 3769 685 3834 l,
703 3769 729 3822 7.
751 3765 973 3840 precessione
993 3769 1070 3823 nimis
1098 3769 1165 3823 ienis
1188 3767 1330 3833 uideretur,

265 3872 270 3884 ⁸
342 3857 397 3909 niti
416 3858 481 3910 tues
503 3857 596 3910 tenitas
620 3855 696 3908 iiiam
715 3855 874 3908 commutem
894 3862 1019 3908 internus.
1043 3853 1077 3906 de
1099 3853 1161 3908 uta.
1181 3851 1217 3916 ὃ,
1232 3849 1269 3918 ,5,
1285 3851 1331 3906 lt.

264 3946 269 3963 “
342 3941 412 4009 qnod
432 3947 484 3993 oon
499 3941 594 4007 fieret,
612 3937 665 3992 niti
681 3945 781 3992 etatum
796 3955 871 3994 suum
885 3939 1035 4009 diligerent.
1069 3939 1104 3992 st
1120 3939 1199 3992 uam.
1216 3935 1261 4001 12,
1284 3935 1331 4004 et,

241 4042 268 4080 κ
341 4023 387 4078 11.
404 4027 449 4092 qni
461 4023 513 4076 uisi
529 4024 644 4090 fnisset,
669 4023 779 4076 Antonii
795 4025 896 4078 reditus
920 4039 939 4076 u
960 4023 1103 4078 Brundisio
1121 4023 1203 4094 pettit
1223 4023 1332 4092 paenae

262 4126 276 4142 ¹*
334 4109 442 4178 sm·
476 4105 521 4176 ll!
544 4105 573 4182 6,
594 4103 622 4162 ⁴0
646 4109 714 4178 Μ
734 4109 840 4178 ΜΝ
866 4114 946 4176 md.
977 4099 1035 4164 stin·
1053 4125 1104 4182 08⁰
1128 4107 1263 4166 mm·
1285 4103 1331 4162 Sl
