2846 4718
267 267 334 340 288
751 260 858 340 nou.

240 471 242 474 ·
270 437 440 510 coenent.
466 444 494 520 l,
509 440 569 502 ‘'tl'·
590 438 712 504 occisis
734 453 804 508 nnn
824 439 926 532 modo
947 458 968 506 e
985 435 1094 528 plebe,
1115 444 1179 512 rect
1194 447 1321 514 militi.

271 527 331 627 bus
350 538 383 592 et
404 525 612 624 ceriturionc.
654 527 728 593 Hoc
748 528 888 594 ulturum
906 529 1053 593 maxime
1072 529 1108 596 in
1125 533 1318 602 considero·

242 661 244 668 ,
271 624 399 700 ¹tionem
424 622 523 678 cenot.

269 771 273 776 -
374 735 837 808 cn.p.nsue.c‚1s.nmrsn
853 745 956 794 cernet
979 739 1097 796 clcloctic
1123 745 1219 814 cupitis
1234 755 1260 803 ct
1275 723 1321 804 ncl-

251 855 274 905 ,¹
338 841 398 879 rnen
414 827 498 894 ipsum
516 824 599 876 erneis
620 825 687 877 nteit
702 842 753 876 nnn
772 826 850 878 niodo
866 843 1006 895 occipere
1027 828 1123 882 cicinno
1143 847 1320 902 romanorum,

269 943 274 948 -
338 911 484 964 sedetiam
509 923 527 960 c
550 907 724 977 cogitatione,
748 909 843 973 ccctis,
870 911 982 963 uurituc.
1015 911 1048 964 ln
1078 913 1122 967 liic
1144 915 1321 987 Spaldingiuc

340 1010 439 1061 eorpus
451 997 530 1060 putot
550 993 640 1046 mulus
663 1009 745 1062 quom
769 992 974 1062 cogitationem,
1001 1013 1085 1062 quum
1111 1004 1202 1054 tomen
1223 1003 1322 1057 Cicero

340 1079 432 1144 dicct,
450 1095 484 1130 oe
498 1075 526 1130 in
541 1077 709 1146 cogitatione
724 1076 836 1146 quidem
852 1078 941 1132 crocis
954 1097 1052 1134 nomeu
1071 1082 1169 1136 decere
1184 1085 1261 1140 cives
1276 1105 1320 1140 ro-

247 1169 250 1176 ’
338 1179 443 1217 menos.
470 1155 621 1216 Adscendit
636 1161 723 1232 l'gitur
736 1161 825 1215 urstis
839 1164 979 1232 uegetivc.
1000 1165 1061 1220 lliv.
1075 1166 1104 1220 in
1122 1171 1202 1222 Cnec.
1217 1171 1262 1237 18,
1276 1171 1319 1227 59.

335 1251 398 1320 qnid
413 1249 508 1318 hules,
527 1249 596 1321 quod
614 1249 696 1318 poesis
713 1249 806 1312 dicere,
822 1265 900 1318 quum
913 1250 945 1301 ot
958 1265 1015 1302 tuuc
1027 1269 1079 1304 ocu
1093 1255 1258 1322 moriemini,
1277 1256 1321 1310 secl

336 1335 456 1404 cuiquam
482 1332 660 1402 anteponere?
695 1331 756 1386 otc.
780 1331 823 1397 27,
846 1331 891 1398 49,
915 1331 940 1388 8.
958 1335 1027 1388 Nero
1049 1354 1101 1389 non
1116 1339 1320 1409 suaderemus,

266 1473 269 1478 ,
337 1419 384 1472 ced
398 1435 499 1470 commu
512 1435 558 1490 cpe
573 1435 650 1470 crure
665 1419 787 1472 instituit.
819 1417 875 1472 cic.
892 1436 919 1486 p.
942 1417 1038 1474 Rubir.
1062 1418 1088 1487 5,
1110 1421 1153 1474 15.
1174 1441 1249 1490 quens
1268 1442 1319 1477 non

337 1505 495 1572 nodosum,
511 1505 556 1556 ced
570 1505 650 1556 etium
664 1503 732 1556 coelo
747 1503 794 1556 lroc
815 1518 847 1554 uc
869 1504 965 1572 spiritu
991 1507 1123 1559 censoriae
1144 1508 1217 1578 leger
1241 1515 1320 1577 clusis

302 1622 306 1632 .
337 1588 408 1640 urbis
423 1583 552 1640 domicilio
569 1605 657 1640 carcre
672 1589 816 1640 evonenus.
851 1588 913 1642 Non
937 1605 1033 1642 verum
1055 1597 1113 1655 est,
1139 1591 1211 1658 qnod
1232 1589 1317 1662 Spel-

337 1671 447 1740 clingiue
467 1671 515 1736 sit,
540 1673 632 1724 torum
653 1673 743 1725 molus
767 1677 796 1724 et
819 1671 910 1741 potios
932 1689 992 1728 esse
1018 1673 1074 1728 civi
1096 1691 1210 1730 romano
1233 1693 1318 1746 quem
1396 1739 1397 1748 ¹

240 1763 242 1766 '
271 1813 276 1822 ,
339 1758 446 1813 coelum
459 1756 567 1825 petrice
582 1762 610 1810 et
623 1754 745 1826 spiritns,
766 1754 984 1812 commonleille
1009 1758 1113 1814 cunctis
1144 1760 1319 1818 mortalibus.

267 1900 272 1906 ,
336 1841 371 1895 l't
389 1841 449 1894 foro
469 1841 511 1894 uti
528 1847 619 1910 posset
655 1839 813 1906 Gracchus,
830 1839 886 1893 vite
903 1846 1057 1910 crotopus.
1083 1841 1144 1898 laic.
1167 1843 1213 1910 29,
1233 1844 1275 1910 19,
1294 1845 1320 1899 9.

338 1945 424 1980 omncs
439 1944 493 1977 ccc
509 1927 639 1978 centuriae
659 1925 751 1990 mocio,
772 1925 818 1978 scri
841 1925 920 1978 etiam
943 1926 1059 1980 homines
1080 1927 1114 1978 P.
1132 1929 1249 1998 Scipioni
1268 1931 1320 1984 irn-

334 2011 438 2081 perium
452 2027 506 2063 csse
520 2009 549 2061 in
559 2008 695 2078 Hispania
711 2007 849 2062 iusserunt.
878 2008 936 2061 Cic.
950 2011 984 2063 orl
1000 2010 1080 2064 Fam.
1102 2011 1129 2076 1,
1153 2011 1181 2075 9,
1202 2011 1246 2066 23.
1267 2031 1321 2068 non

269 2161 271 2168 Α
334 2094 560 2164 modopruenciir,
577 2093 727 2162 nuncupent
740 2109 780 2144 rue
794 2093 932 2149 minimum
956 2096 1057 2158 colent,
1075 2097 1122 2148 sed
1145 2114 1178 2150 ne
1194 2094 1320 2166 periculis

267 2239 273 2251 ¹
334 2170 454 2250 cuidem,
470 2179 558 2248 quitus
576 2186 666 2230 tenses
682 2185 815 2232 monentur
829 2179 911 2234 etium
920 2179 1061 2248 Jurtissin'i
1081 2179 1150 2246 oiri,
1179 2183 1215 2234 cd
1228 2199 1320 2236 eorum

335 2281 453 2318 ccncsunc
467 2281 507 2318 nec
524 2261 706 2332 adiungerent.

355 2393 405 2454 to.
436 2385 692 2472 Stiirenburgius
718 2383 753 2449 in
775 2385 861 2451 notis
882 2383 921 2450 nd
943 2387 1011 2454 Cic.
1033 2409 1069 2476 p.
1092 2387 1192 2455 Arch.
1209 2412 1245 2488 p.
1261 2390 1317 2457 94.

268 2475 458 2540 observasse
480 2472 541 2538 sibi
564 2471 650 2537 visus
672 2480 721 2535 est
746 2491 846 2536 unum
867 2471 936 2537 fere
966 2473 1161 2539 Ciceronem
1189 2475 1313 2540 dixisse

267 2560 506 2626 verumetiam
529 2568 603 2646 post
624 2580 694 2622 non
716 2557 871 2623 modoet
894 2581 963 2622 non
985 2559 1114 2635 solum,
1141 2583 1212 2624 non
1234 2562 1317 2626 elios

267 2649 447 2734 scriptores
485 2655 615 2731 praeter
651 2643 858 2720 Sallustium,
898 2647 954 2730 qui
988 2665 1056 2710 uno
1091 2647 1126 2710 in
1159 2646 1237 2710 luco
1270 2648 1317 2712 ita

266 2733 467 2820 scripsisset:
488 2733 523 2795 iu
540 2731 690 2794 unctione
711 2751 774 2817 pro
800 2727 915 2793 Arclsio
940 2727 1051 2795 linbila
1072 2732 1199 2818 suepius
1220 2732 1319 2816 inve·-

265 2820 332 2884 niri
354 2839 467 2882 verum
496 2837 596 2901 quom
616 2813 696 2890 'sect
727 2815 818 2900 quud
851 2835 927 2880 cusu
959 2826 1044 2880 esset
1073 2815 1216 2896 factum,
1251 2819 1316 2884 nisi

266 2905 339 2989 quis
364 2901 587 2981 contenderet,
606 2898 640 2962 in
671 2899 731 2962 lrsc
766 2899 914 2966 oratioue
943 2898 1137 2968 Ciceronem
1164 2905 1316 2990 exquisi-

267 2989 391 3053 tissimo
413 3007 563 3074 quaeque
585 2983 681 3048 verbu
701 2983 845 3070 elegisse.
881 2987 924 3058 At,
945 2988 1091 3073 primum
1110 2987 1315 3056 hoecexem-

264 3073 321 3161 plu
345 3093 413 3138 non
436 3072 529 3134 decet
550 3089 691 3133 numero
715 3091 873 3156 pensares
895 3071 1012 3136 deinde
1026 3074 1149 3138 mirum
1168 3097 1239 3138 nou
1264 3074 1315 3139 vi-

266 3158 373 3228 detur.
397 3157 486 3245 quod
509 3155 603 3220 verbu
627 3156 868 3220 verumetiam
899 3158 1003 3223 rcrius
1032 3159 1184 3223 dicuntur
1212 3181 1314 3247 quum

264 3242 469 3321 sedetiam,
498 3241 660 3326 siquidem
683 3241 854 3326 singularis
878 3245 936 3321 rio,
968 3263 1049 3330 quoe
1070 3245 1238 3310 inseram
1260 3247 1314 3312 iu·

264 3340 324 3410 est,
349 3351 419 3392 non
436 3327 591 3404 omnibus
611 3329 778 3392 sententiis
799 3330 978 3394 conveniat.
1003 3329 1169 3416 'Denique
1187 3335 1318 3412 vereor,'

263 3435 307 3479 ne
331 3414 460 3504 Cicero,
490 3413 518 3478 si
548 3413 583 3478 in
613 3414 690 3478 vivis
724 3423 817 3491 esset,
846 3415 917 3500 ipse
942 3414 1118 3478 miraretur
1147 3417 1312 3498 accidisse,

262 3512 302 3564 nt
322 3501 356 3564 in
373 3499 475 3565 Bruto
488 3499 589 3564 semel
607 3509 639 3564 et
655 3498 752 3564 vicies
768 3498 969 3575 sedetiam,
1002 3499 1049 3562 llis
1067 3503 1312 3582 verumetiam,

126 3623 131 3638 ·
199 3607 202 3612 “
263 3587 300 3652 in
317 3588 468 3651 oratione
483 3607 546 3668 pro
566 3584 686 3650 Archis
702 3585 768 3648 hoc
782 3587 920 3670 septies,
941 3583 1020 3650 tllnd
1040 3585 1088 3651 bis
1113 3596 1241 3652 tuntum
1258 3587 1311 3652 lc·

263 3682 406 3761 geretur.
467 3671 537 3736 Nec
561 3671 699 3736 deerunt
720 3668 880 3744 fortusse,
914 3673 969 3756 qui
1004 3671 1081 3735 inde
1109 3673 1311 3738 concludunt

263 3759 451 3822 orationem
475 3758 570 3822 istum
598 3778 668 3820 non
695 3777 766 3819 esse
790 3780 807 3820 u
835 3755 993 3820 Cicerone
1017 3758 1184 3844 scriptum.
1234 3759 1310 3824 Hoc

224 3877 226 3882 .
261 3863 365 3908 iturum
390 3853 519 3906 constnt
548 3853 661 3907 verttm
692 3840 799 3905 elium
820 3843 1167 3928 gravioremesmqus
1192 3855 1312 3926 orntu-

260 3929 345 3992 rism
368 3927 489 3994 hebere
512 3927 595 4004 vim,
619 3926 759 4012 ideoque
786 3925 977 3992 abstinuisse
998 3927 1038 3992 nb
1069 3927 1131 3992 hnc
1162 3928 1310 3996 dictione

260 4011 440 4080 historicos
472 4013 621 4093 Livium,
650 4012 821 4087 Curtium,
851 4011 1017 4080 Tacitum.
1070 4014 1224 4080 Ceterum
1250 4037 1309 4080 rc·

227 4143 231 4152 ·
260 4099 390 4168 sissimo
414 4109 492 4166 sunt
510 4097 667 4188 exemplo
690 4095 868 4168 verborum
895 4117 1009 4168 renem
1030 4121 1073 4166 ne
1092 4135 1137 4152 ·-
1159 4099 1309 4190 quictem.
