2894 4716
262 252 336 344 'ooo
448 331 451 341 ,
745 250 846 340 nist.

263 443 338 515 'oon
362 439 416 512 -ζ
467 437 767 506 arrotrebarum
792 440 887 506 nihil
923 449 1048 508 motet:
1074 458 1169 509 *num
1198 441 1330 513 eiiamri
1422 487 1424 493 ·

273 529 442 624 praecedit
459 527 542 592 hoec
556 525 729 612 exceptio,
753 545 823 590 non
842 529 912 616 ipso
930 539 979 593 cet
1000 532 1097 618 prior
1120 551 1198 619 pore
1225 531 1331 598 mlio-

273 616 466 694 oinsticnie,
494 613 551 678 sed
577 615 712 678 interea,
730 615 850 678 cretio.

337 797 339 801 ,
378 749 470 804 Plaut.
488 747 567 816 Epid.
585 745 612 814 2,
630 745 657 814 2,
675 745 700 799 8.
719 747 785 800 milri
801 749 866 801 istuc
884 767 928 800 neo
948 742 1042 803 seritur
1058 767 1105 818 nec
1122 751 1243 806 metitur:
1264 755 1330 809 'nisi

342 855 382 900 eo,
401 833 573 906 quantovis,
599 833 666 886 oolo.
698 832 718 888 i.
744 849 769 884 e.
794 831 865 884 nihil
883 833 953 886 milri
969 830 1096 886 utilitatis
1114 851 1146 886 ex
1165 837 1218 890 hoc
1238 855 1330 908 nego-
1437 883 1438 902 ,

340 924 379 977 tio
387 921 476 985 redit,
495 909 536 971 co*
547 923 668 987 excepto,
685 917 758 990 quod
772 919 941 972 voluntatem
958 917 1033 972 tu'a'm
1052 937 1193 987 exsequor.
1211 923 1282 977 Men.
1300 923 1329 989 8,
1437 917 1438 966 3

242 1057 243 1060 ,
340 1005 368 1074 2,
396 1005 423 1063 6.
450 1023 502 1058 non
520 1005 612 1064 ,loercle
639 1005 660 1055 is
686 1021 753 1067 eum,
779 1005 823 1074 qui
840 1023 915 1068 sum,
939 1005 992 1056 nist
1008 1006 1075 1056 hanc
1091 1003 1216 1059 iniuriam
1238 1026 1330 1078 meque

341 1095 411 1146 ultus
428 1077 535 1162 puluino
543 1093 635 1155 suero.
668 1087 726 1142 cte.
744 1085 778 1140 de
789 1087 851 1147 Seu.
868 1086 911 1154 15,
929 1086 972 1142 32.
988 1091 1048 1146 uitis
1067 1092 1178 1160 paidom,
1196 1087 1329 1162 quaenu-

340 1185 402 1232 tora
418 1175 518 1228 caduca
532 1181 585 1238 est,
605 1179 632 1226 ct
645 1175 697 1226 nisi
706 1173 782 1240 suita
804 1173 846 1237 sit,
865 1175 901 1226 ad
925 1183 1021 1228 terram
1042 1177 1142 1244 femur,
1172 1179 1328 1243 cademot
1437 1207 1438 1246 p

340 1280 367 1314 se
386 1263 486 1330 erigat,
506 1257 638 1310 claviculis
655 1257 709 1309 suis
732 1285 769 1294 -
788 1259 930 1328 'quidquid
951 1265 988 1310 est
1014 1267 1112 1324 noeto,
1141 1262 1328 1330 complectitur.

332 1347 405 1414 siloc
427 1349 469 1397 cot
483 1347 573 1410 ausser
593 1360 665 1394 werin
692 1343 728 1394 sie
744 1347 859 1412 gertdtzt
875 1345 925 1395 ist.-
942 1345 966 1395 ei
981 1363 1032 1396 non
1042 1347 1118 1412 solta
1135 1355 1172 1398 eet
1189 1345 1328 1414 significet
1437 1335 1438 1352 ¹

331 1417 414 1484 'menn
438 1431 474 1482 rie
501 1427 572 1480 niclot
597 1431 713 1497 gestitet
743 1431 792 1492 ist,
819 1446 848 1481 so
869 1456 912 1480 -.
947 1425 1059 1481 Sallust.
1077 1428 1137 1481 Cet.
1157 1428 1200 1494 20,
1218 1428 1242 1483 a.
1261 1433 1328 1484 milri

338 1518 367 1570 in
389 1516 443 1568 dies
467 1513 556 1582 magis
579 1515 679 1564 animus
696 1513 850 1576 accenditur,
876 1530 953 1580 quum
969 1513 1107 1580 considero,
1133 1532 1199 1582 puae
1215 1515 1328 1568 conditio

341 1601 413 1653 uitae
425 1603 526 1666 sutura
540 1598 584 1662 sit,
600 1597 650 1648 nisi
667 1604 764 1650 nosmet
781 1598 833 1666 ipsi
850 1597 1012 1650 vindicamus
1038 1599 1065 1649 iu
1081 1599 1237 1651 libertatem.
1252 1599 1281 1651 h.
1299 1617 1327 1653 e.

338 1699 423 1752 quum
442 1680 591 1745 considero,
611 1697 681 1748 qaue
702 1681 820 1734 conditio
838 1681 982 1734 vitseeine
1000 1681 1082 1735 dubio
1099 1681 1136 1737 eit
1152 1683 1253 1748 loturo,
1271 1703 1327 1740 non

340 1773 448 1833 nutem,
477 1767 500 1819 si
524 1773 632 1819 nosmet
656 1765 709 1834 ipsi
725 1765 897 1820 vindicamus
922 1763 1142 1832 inliberarim,
1178 1769 1245 1834 sive,
1271 1788 1327 1826 unu

339 1854 393 1906 huc
413 1852 580 1920 exceptione.
613 1850 645 1903 Si
664 1844 816 1918 scripsisset
831 1853 930 1916 sinon,
948 1850 1105 1907 deduxisset
1122 1854 1255 1906 rationem
1269 1853 1325 1909 itur

342 1955 414 2007 quoe
438 1937 559 1992 conditio
584 1937 660 1989 vitoe
685 1935 748 1988 indo
773 1937 880 1988 oritura
910 1935 955 2001 eit,
983 1939 1055 2006 quod
1079 1956 1131 1990 non
1157 1937 1327 1992 vindicamus

340 2030 447 2077 nosmet
464 2022 517 2092 ipsi
533 2021 562 2074 in
580 2011 744 2074 libertatem.
800 2020 856 2073 Cic.
883 2021 950 2089 dgr.
974 2019 1000 2084 l,
1024 2020 1050 2086 9,
1066 2021 1110 2075 26.
1140 2024 1247 2076 deserite
1274 2042 1326 2089 eor,

342 2125 361 2160 a
378 2107 479 2176 quibus,
493 2107 545 2160 nisi
561 2105 717 2176 prospicitis,
734 2105 804 2156 lreoi
827 2113 942 2174 tempore
966 2106 1125 2159 deteremini.
1143 2107 1176 2160 nd
1200 2107 1276 2160 Fam.
1296 2107 1325 2170 3,

318 2191 383 2255 -11,
399 2191 425 2245 ii.
448 2191 500 2243 nisi
514 2192 570 2244 iam
586 2191 686 2260 aliquid
698 2195 803 2259 furlum
819 2199 858 2243 ert
873 2207 920 2260 per
942 2189 1080 2256 Fidenam,
1103 2193 1152 2260 siet
1176 2211 1193 2244 a
1217 2211 1266 2246 noc.
1289 2193 1327 2246 ud

341 2273 397 2330 litt.
415 2273 487 2339 4,1.
503 2275 553 2326 nisi
571 2275 650 2327 etiam
668 2275 862 2344 praetermissos
879 2277 985 2340 fructus
1013 2283 1072 2330 tuoe
1092 2279 1227 2330 suauitatis
1246 2295 1327 2344 proe-

341 2361 413 2416 teriti
429 2361 551 2429 temporis
572 2377 658 2411 omnes
677 2375 799 2428 exegero,
816 2353 931 2428 prosecta
951 2361 1000 2412 loac
1026 2363 1188 2414 restitutione
1198 2367 1326 2430 fortanus

341 2463 381 2500 me
400 2447 455 2515 ipre
472 2461 523 2496 non
539 2445 603 2497 ratis
616 2443 729 2513 dignum
748 2443 877 2498 iudicabo.
895 2443 914 2498 i.
932 2461 955 2496 e.
974 2443 1032 2498 sine
1050 2435 1198 2498 exactione.

375 2549 437 2615 Quo
452 2545 580 2600 differant
597 2545 737 2612 dictiones,
755 2562 922 2616 cognoscere
930 2541 1080 2616 poseamus*
1094 2547 1139 2600 vel
1153 2548 1180 2600 in
1196 2564 1247 2604 ooo
1263 2547 1325 2599 loco

341 2631 416 2688 Livii
433 2633 477 2698 21,
495 2631 595 2698 18,11.
615 2632 638 2684 si
655 2649 699 2684 oos
714 2649 769 2686 uon
788 2641 874 2686 tonent
887 2642 974 2686 oestro
986 2635 1107 2700 joedero,
1126 2633 1178 2686 nisi
1192 2647 1222 2685 eu·
1233 2639 1326 2685 aucto-
1372 2677 1376 2684 .

338 2718 416 2772 ritate
441 2725 489 2772 aut
516 2718 589 2770 iussu
612 2725 695 2770 venre
718 2719 780 2791 ictu,
804 2735 837 2770 ne
855 2735 903 2784 nor
918 2719 1021 2790 quidem
1038 2717 1209 2770 Hasdrubalis
1218 2717 1326 2785 foedus,

339 2803 407 2873 quod
426 2804 501 2855 nolio
526 2802 611 2853 inseiis
634 2803 688 2867 icit,
713 2803 831 2871 obligare
847 2803 941 2870 potuit.
976 2800 1033 2852 cic.
1052 2801 1092 2861 ,de
1114 2799 1176 2854 Fin.
1194 2799 1220 2864 3,
1235 2797 1264 2862 a,
1279 2797 1325 2854 11.

339 2905 403 2939 nam
423 2889 447 2939 ri
463 2887 511 2938 loos
527 2904 578 2938 non
595 2886 750 2950 obtineatur,
770 2887 799 2938 id
817 2887 899 2940 solum
915 2888 1008 2939 ionum
1021 2903 1083 2954 csse,
1102 2887 1170 2954 quod
1191 2885 1325 2937 honestum

339 2973 390 3034 rit,
407 2971 479 3022 nullo
496 2971 572 3021 modo
586 2970 694 3037 probari
709 2971 798 3038 possit,
823 2971 926 3023 lentam
943 2972 1026 3024 uitam
1050 2971 1143 3024 virtute
1165 2970 1244 3038 effici.
1279 2967 1325 3021 Aa

234 3081 237 3083 ·
339 3055 410 3108 haec
429 3053 578 3106 Gruteruir
613 3051 742 3117 „Primus
764 3053 907 3108 Palatinus
930 3074 994 3108 nom
1018 3056 1072 3110 nisi
1087 3056 1135 3106 lroo
1155 3055 1324 3106 obtineatur.-

341 3138 414 3208 quod
439 3123 599 3189 miror¹cor
622 3137 722 3192 iverint
749 3147 882 3215 mutatum
908 3137 1059 3192 librarii.“'
1090 3139 1125 3192 At
1142 3140 1195 3191 hoc
1209 3136 1325 3190 librarii

341 3221 540 3278 substituerunt
566 3221 619 3286 illi,
646 3223 725 3291 quod¹
740 3223 901 3278 distinctiori
925 3223 1106 3277 conclusionis
1139 3223 1166 3276 vi
1192 3228 1325 3294 prueetut.

338 3305 521 3388 Ovid.'1'rist.
540 3304 566 3369 5,
583 3305 610 3369 ii,
629 3306 670 3360 3⁵.
689 3315 716 3360 cr
731 3327 782 3362 non
797 3310 964 3380 parerem,·ei
981 3327 1034 3362 non
1049 3311 1192 3363 noeminisre
1208 3315 1325 3376 putares.

340 3391 435 3446 Omnis
452 3391 603 3446 sententiae
618 3391 662 3445 oie
688 3391 843 3464 frangitur,
881 3393 931 3447 ubi
954 3393 1095 3464 scripseris
1123 3410 1185 3446 cum
1204 3389 1324 3444 Heinsio

338 3497 391 3532 uror
404 3496 427 3532 st
443 3495 479 3536 m.
494 3496 523 3549 p.

354 3597 387 3658 2.
411 3593 589 3658 Contracta
605 3592 671 3657 sive
688 3590 830 3658 breviato
847 3594 997 3660 oratione
1013 3589 1203 3657 coniunctio
1217 3588 1252 3654 in
1266 3585 1323 3652 vi-

271 3701 350 3750 cem,
368 3678 513 3746 adverbii
537 3679 623 3743 cedit
645 3690 677 3742 ct
704 3697 795 3756 eum,
826 3699 926 3764 quom
952 3679 1056 3744 modo
1076 3678 1229 3750 diximus,
1255 3693 1322 3738 ex-

266 3766 460 3852 ceptionem
477 3765 600 3829 indicet
614 3761 820 3850 simpliciter,
843 3775 878 3828 ut
895 3766 937 3830 sit
952 3775 1101 3851 excepto.
1142 3759 1237 3828 Vnde
1258 3780 1323 3824 va-

264 3852 337 3920 riae
351 3851 515 3920 exsistunt
533 3849 695 3936 cllipticne
718 3849 875 3914 credonis
889 3849 1040 3916 formum·
1065 3848 1101 3914 ln
1127 3844 1324 3934 iis‘proeoi-

261 3937 518 4024 praenotandis
534 3945 611 4000 eunt
629 3935 807 4002 sententiae
821 3935 986 4004 relativae.
1020 3934 1203 4020 nguuoue
1217 3951 1323 4017 prae-

268 4023 371 4088 misse
394 4021 600 4087 collocuntur
624 4019 781 4088 vocubulu
801 4045 871 4091 noa
890 4019 1078 4104 mindaii
1094 4019 1164 4086 nisi
1178 4017 1324 4105 alique,

268 4106 315 4175 do
335 4106 455 4193 quibus
480 4107 635 4194 deinceps
653 4105 771 4175 dicum.
837 4165 841 4185 ,
