2830 4712
211 270 217 294 ⁸
256 281 299 344 se
424 369 429 382 .
725 241 823 344 'uu

256 446 445 512 universam
470 443 680 534 sententiam.
734 445 830 528 Quae
852 465 1002 510 narrasse
1034 443 1111 508 satis
1137 454 1204 510 est:
1236 466 1315 520 nam

257 545 418 622 quantum
437 531 519 598 haec
540 533 653 596 omnia
677 531 729 597 vel
756 555 773 598 a
798 531 933 598 veritate
957 530 1177 606 abhorreant,
1200 531 1252 597 vel
1274 530 1315 596 ed

257 641 329 686 eam
348 619 522 697 accedant,
544 618 637 682 brevi
653 617 701 682 rei
717 619 925 720 expositione
949 616 1133 705 apparebit.

340 699 401 772 Ne
414 707 516 794 igitur
529 725 600 768 non
615 713 665 768 est
682 705 716 769 in
736 703 787 769 hrs
799 703 1004 769 'dictionibus
1028 700 1237 782 coniunctio,
1258 697 1317 765 sed

257 791 433 878 antiquum
466 787 679 869 adverbium,
721 790 811 878 quod
841 790 961 855 maiori
987 810 1065 854 eum
1095 790 1125 852 vi
1157 809 1220 877 pro
1246 809 1317 850 non

259 877 389 942 dicitur.
439 878 589 942 Primum
619 876 713 944 enirn¹
734 897 897 963 nusquam
920 886 958 939 ut
991 898 1034 940 ne
1066 878 1245 964 usurpatur
1275 873 1316 942 de

257 963 419 1042 consilio,
452 961 509 1028 sed
534 962 575 1027 de
600 961 723 1027 effectu
745 963 813 1027 sire
845 962 886 1026 de
913 983 950 1026 re
975 959 1162 1024 efficienda:
1196 959 1316 1025 deinde

256 1047 457 1138 semperne
486 1047 643 1113 adhaeret
666 1050 724 1113 uni
750 1048 843 1114 alicui
867 1046 1029 1113 vocabulo
1057 1048 1232 1132 negatione
1257 1043 1316 1109 de·
1376 1104 1378 1114 .

240 1135 437 1221 signando,
462 1144 560 1221 atque
581 1133 663 1199 adeo
684 1145 722 1199 ui
747 1133 868 1199 necubi
884 1133 1019 1198 dieiturr
1045 1142 1116 1196 tum
1137 1132 1199 1199 alia
1227 1152 1316 1219 quo·
1376 1144 1380 1150 '

256 1225 321 1308 que
339 1219 495 1285 vocabula
510 1221 545 1285 in
564 1220 726 1294 eumdem,
741 1219 881 1285 modum
899 1220 1148 1298 consociantur,
1172 1229 1208 1282 ut
1231 1239 1316 1306 quo·-

160 1305 162 1312 ’
256 1305 359 1370 modo
375 1329 437 1371 ne.-
460 1305 603 1393 denique
618 1329 696 1372 usus
715 1305 824 1372 bieco
843 1308 948 1393 magis
963 1304 1125 1386 exolevit,
1150 1315 1217 1456 quo
1239 1304 1317 1369 lon·

255 1392 328 1482 gius
345 1393 529 1494 scriptores
544 1392 584 1456 ab
602 1393 833 1480 antiquissimo
856 1392 987 1459 dicendi
1010 1411 1129 1479 genere
1180 1391 1323 1460 ncesse·-¹

254 1488 345 1544 runt.
389 1477 474 1543 bam
499 1475 620 1547 comici
641 1477 835 1565 frequenter
861 1480 906 1544 ita
930 1477 1061 1565 loquuti
1086 1488 1186 1561 sunt,
1206 1497 1317 1564 saepe

255 1564 353 1628 etiam
372 1563 507 1628 Cicero:
530 1565 586 1629 sed
604 1567 739 1640 Caesar,
762 1575 798 1628 ut
814 1564 962 1645 videtur,
985 1585 1179 1652 numquam,
1202 1562 1316 1626 Livius

255 1652 322 1715 sire
341 1650 453 1736 paucis
470 1651 505 1715 in
518 1649 626 1729 loeis,'
641 1653 708 1715 sive
725 1671 907 1738 nusquam:
932 1649 990 1715 sed
1010 1648 1183 1714 Cornelius
1203 1647 1316 1734 Nepos

255 1745 288 1800 et
305 1735 482 1799 Suetonius
508 1737 544 1802 in
572 1759 636 1801 una
658 1746 787 1800 tantum
806 1736 963 1812 lamule,
988 1757 1170 1823 numquam
1189 1733 1316 1813 Celsus,

253 1841 315 1885 nee
337 1821 491 1902 Curtius,
521 1839 582 1886 nec
606 1821 763 1900 Tacitus,
806 1845 868 1886 nee
898 1823 1038 1904 Seneca,
1077 1843 1137 1886 nee
1162 1819 1314 1885 Valerius

253 1906 433 1972 Maximus.
488 1905 558 1972 lam
585 1929 664 1972 vero
696 1907 930 1993 exponendum
964 1917 1031 1982 est,
1063 1907 1197 1994 quando
1225 1899 1340 1979 anti-f

254 1992 386 2080 quiores
403 1993 586 2078 scriptores
607 1993 653 2058 ita
677 1994 711 2057 lo
737 1992 966 2078 uutilfuerint.
1009 1993 1046 2057 ld
1072 1995 1159 2058 enim
1184 1991 1314 2057 factum

254 2087 303 2142 est
326 2077 449 2165 triplici
465 2081 605 2148 ratione·
654 2085 683 2160 1)
737 2103 754 2144 e
800 2101 836 2142 ro
857 2103 926 2144 non
942 2079 1145 2168 ponebatur,
1171 2079 1228 2142 ubi
1251 2101 1315 2142 nc-

254 2165 341 2252 getio
365 2185 442 2228 eum
467 2165 624 2248 nomine,
647 2165 699 2229 eui
725 2103 925 2246 addebatur,
955 2167 987 2229 in
1013 2167 1113 2229 unam
1136 2165 1313 2230 notionem

253 2250 370 2314 coibat.
414 2249 460 2314 lla
477 2251 633 2339 nequis,
657 2273 700 2316 ne
723 2251 799 2340 qui,
823 2276 865 2316 ne
882 2250 1020 2340 quando
1038 2251 1166 2316 et-aliae
1183 2249 1313 2317 formae
1404 2277 1405 2332 t

252 2336 406 2400 relativae
431 2337 730 2423 componebantur.
784 2331 890 2402 Simili
920 2337 1020 2400 modo
1047 2338 1210 2402 alternant
1243 2338 1314 2402 uti·

257 2445 342 2487 nam
355 2444 425 2486 ιιοιι
447 2436 480 2486 et
496 2423 632 2488 retinam
647 2423 793 2512 nequid
806 2425 892 2511 apud
910 2424 978 2487 Cic.
998 2423 1037 2487 ad
1056 2426 1122 2488 Au.
1139 2430 1188 2500 11,
1205 2428 1237 2488 9.

365 2541 472 2608 Recte,
493 2549 524 2596 ut
539 2542 610 2596 mibi
626 2542 753 2608 videtur,
773 2543 854 2598 Laut.
870 2545 951 2596 Vella
964 2546 1092 2614 Elegent.
1110 2542 1136 2608 3,
1154 2543 1196 2596 21.
1213 2561 1314 2610 „more

305 2624 462 2681 ,ciceronis
477 2636 509 2680 ut
524 2645 557 2680 ne
573 2644 624 2695 pro
646 2636 676 2682 ut
699 2631 785 2680 ncn.“
820 2629 898 2682 ldem
914 2629 1080 2688 Thomaeiue
1103 2628 1138 2682 ad
1160 2628 1312 2684 Tursellin.
1402 2653 1403 2662 ι

318 2716 347 2762 et
361 2707 477 2765 biuecer
493 2713 529 2764 de
544 2713 658 2766 Emend.
675 2713 775 2767 Strucl.
794 2714 820 2767 l.
838 2732 864 2783 p.
878 2715 921 2768 91.

364 2812 455 2892 Blaut.
470 2817 552 2868 Most.
570 2815 596 2879 b,
613 2815 697 2881 1,12.
714 2826 830 2887 pergunt
845 2821 950 2871 turbare
965 2834 1060 2886 usque,
1077 2823 1108 2870 ut
1123 2834 1156 2871 ne
1170 2818 1233 2885 quid
1249 2835 1313 2886 pas-
1398 2789 1402 2875 i

317 2894 352 2946 ait
365 2901 548 2965 conquiescere.
574 2902 687 2953 Terent.
701 2901 752 2953 Ad.
768 2899 794 2965 4,
810 2901 836 2965 4,
851 2901 893 2955 18.
904 2905 969 2970 fieri
979 2905 1058 2971 potis,
1076 2910 1105 2956 ul
1117 2921 1149 2954 aa
1164 2920 1216 2970 qua
1230 2912 1312 2958 eaeal.
1326 2931 1334 2942 v

315 2979 386 3034 lice.
401 2979 428 3048 4,
446 2983 473 3047 2,
490 2985 532 3038 19.
551 2985 610 3039 eie.
624 2986 657 3038 de
677 2985 730 3040 Oli.
747 2986 812 3051 1,t‚
829 2986 873 3038 lll.
897 2989 942 3039 sed
963 2989 1078 3041 iustitiae
1090 2989 1204 3058 primum
1218 3005 1314 3040 munuc
1400 3047 1401 3053 ¹

321 3071 374 3130 est,
392 3075 421 3120 ut
435 3085 468 3121 ae
488 3071 530 3122 aui
549 3072 605 3139 quis
618 3079 724 3136 noceat,
741 3072 793 3123 nisi
810 3073 942 3124 lacessitus
958 3072 1069 3124 iniuria.
1103 3073 1137 3124 de
1153 3072 1212 3124 lnv.
1232 3071 1267 3136 2,
1281 3070 1312 3138 3,

317 3147 361 3200 19.
380 3149 415 3204 de
431 3153 488 3207 0ll'.
504 3155 530 3220 l,
548 3155 592 3220 29,
609 3154 669 3208 198.
696 3173 727 3208 er
743 3157 835 3223 quibus
849 3157 916 3208 illud
928 3153 1101 3226 intelligitur,
1121 3186 1156 3198 -
1180 3159 1314 3228 appetitus

320 3251 407 3287 omnes
425 3241 616 3292 contradendas
635 3241 810 3308 sedandosque
825 3269 876 3304 -,
900 3248 928 3293 ut
946 3258 978 3292 ne
999 3243 1061 3309 quid
1081 3249 1175 3295 temere
1198 3260 1230 3294 aa
1247 3246 1313 3308 sor·

314 3319 387 3372 tuittr
409 3321 596 3376 inconsiderate
623 3325 836 3394 negligenterque
854 3342 977 3394 agamus.
1010 3325 1044 3378 ed
1065 3323 1263 3390 Fam.1⁰,14‚
1282 3325 1310 3380 4.
1398 3355 1399 3366 ¹

316 3401 345 3453 in
365 3404 440 3457 illam
458 3407 542 3478 igitar
561 3427 655 3462 curam
677 3410 810 3472 incumbe,
829 3409 866 3460 mi
884 3409 992 3473 Plance,
1012 3417 1042 3462 ut
1063 3429 1097 3464 ne
1120 3430 1172 3480 qua
1193 3412 1312 3465 scintilla
1398 3399 1399 3411 ¹

315 3491 445 3542 teterrimi
467 3492 526 3545 belli
546 3494 717 3562 relinquatur.
753 3491 796 3557 lli,
819 3493 845 3557 9,
869 3491 895 3546 b.
923 3492 947 3558 1,
969 3492 995 3558 4,
1018 3493 1045 3551 3.
1068 3495 1102 3547 de
1122 3494 1243 3558 Am.16,
1264 3493 1310 3548 6⁰.

315 3569 382 3624 illud
393 3575 482 3642 petias
497 3580 715 3646 praecipiendum
731 3580 800 3646 suit,
821 3584 851 3630 ul
868 3595 925 3631 eam
942 3580 1107 3650 diligentiam
1125 3581 1311 3632 adhiberemus

316 3653 344 3705 in
358 3659 484 3712 amicitiis
498 3665 697 3733 comparandis,
723 3671 754 3715 ut
770 3681 802 3716 ne
820 3665 925 3731 quando
942 3681 1034 3717 amare
1054 3666 1225 3736 inciperemus
1239 3681 1310 3732 eum,

281 3777 287 3785 ι
318 3757 391 3806 quem
412 3745 552 3812 aliquando
566 3750 647 3802 adisse
660 3765 799 3817 possemus.
833 3747 944 3801 Suetou.
961 3749 1023 3803 Tib.
1041 3747 1083 3802 39.
1101 3757 1129 3802 ut
1145 3767 1176 3802 ne
1189 3765 1239 3817 qua
1255 3750 1312 3802 aiei

317 3823 372 3892 ipsa
387 3828 479 3882 herede
493 3840 642 3885 mereretur.
678 3833 767 3904 cattg.
783 3833 826 3888 41.
847 3836 934 3887 Varro
951 3834 985 3885 de
1003 3836 1068 3886 Rer.
1083 3833 1146 3899 2‚2,
1158 3832 1200 3884 19.
1219 3833 1310 3902 itaque

216 3959 224 3974 ,
310 3913 419 3976 faciunt
435 3913 524 3982 lapide
538 3923 635 3980 strata,
654 3925 682 3970 ut
697 3921 778 3972 urina
793 3922 886 3972 manli
900 3922 929 3973 in
942 3921 1043 3972 stabulo
1057 3920 1188 3971 concinat.

332 4011 397 4078 Sed
420 4015 519 4080 etiam
539 4017 645 4082 verbis
664 4020 854 4110 praeligitur
876 4031 937 4103 ιιι,
964 4042 1108 4108 quorum
1127 4019 1221 4083 notio
1244 4040 1309 4085 ue·

248 4099 354 4186 ganda
370 4107 420 4162 est
435 4099 491 4182 ita,
515 4113 549 4165 ut
570 4108 776 4172 eontrarium
792 4109 974 4194 cogiteturr
996 4106 1030 4172 id
1047 4106 1137 4193 quod
1155 4127 1196 4170 ex
1212 4126 1310 4171 mone
1393 4149 1394 4154 κ
