2804 4722
588 295 722 364 rust.
1111 295 1177 374 828

221 465 338 520 'Terent
357 467 411 524 Ad.
427 469 454 537 t,
465 469 498 540 ’9,
514 468 559 526 23.
576 469 643 531 Mis
658 468 760 541 alins&
775 471 983 544 assumptas·
998 491 1083 530 sem
1098 475 1176 532 deds-

189 553 238 618 sis,
255 553 324 609 unde
342 561 444 610 etms.
990 577 993 586 ·
1022 589 1026 598 .

225 637 336 694 Gellius
351 639 396 706 1⁹,
410 639 437 708 8,
450 639 480 696 ὅ.
498 641 522 696 si
539 641 569 701 0.
587 639 710 696 Gumis
728 639 794 702 lites·
808 657 876 713 psus
890 643 1013 716 menibus
1025 652 1076 716 est,
1089 648 1177 720 prout

197 829 238 892 ’3.
260 826 362 906 Quod
365 849 455 914 prae
465 815 580 916 aliquo
593 825 643 911 fir,
658 825 696 892 fit
705 846 747 894 eo
758 839 942 918 praesente,
960 853 1001 898 eo
1016 833 1176 906 adstante.

121 910 207 975 Hinc
229 921 316 976 certe
340 936 359 978 n
382 913 579 979 recentioris
606 915 675 980 nevi
697 915 913 1004 scriptoribus
925 941 1019 1006 prae
1033 941 1178 1014 usurpa-

95 1021 99 1028 ·
122 995 231 1078 batur,
253 1008 291 1062 ut
307 997 442 1066 alicuius
464 1001 650 1089 praesentia
669 1001 881 1069 indicaretur.
987 1067 990 1074 ,

150 1130 153 1138 ’
225 1118 335 1187 Apulei.
356 1121 391 1174 de
406 1119 464 1174 Deo
483 1119 562 1174 Scor.
579 1137 608 1190 p.
625 1120 670 1185 51,
686 1120 713 1176 2.
738 1122 781 1192 (p.
803 1121 863 1178 1⁵5.
889 1124 975 1194 oud.)
999 1125 1088 1180 sanet·
1110 1126 1179 1182 anst

188 1200 290 1258 tamtan·
304 1222 373 1276 pene
390 1205 449 1260 iats's
462 1207 671 1260 munditenens
684 1208 758 1260 intra
774 1201 891 1264 animans
914 1229 961 1266 nea
978 1212 1049 1277 soris
1066 1227 1119 1266 esse
1138 1228 1180 1266 se-

175 1289 262 1358 ksrets'.
303 1291 406 1344 Melius
427 1292 499 1345 haec
517 1289 649 1346 floridas
667 1289 867 1361 interpretatur
891 1313 941 1366 per
961 1313 1067 1365 coram,
1096 1310 1180 1364 quern

193 1373 415 1446 Oudendorpins,
433 1377 481 1446 qni
500 1393 565 1430 enm
584 1377 773 1445 reprehendit.

212 1478 244 1540 4.
267 1478 437 1560 Quoniam
462 1479 514 1556 id,
552 1477 643 1568 quod
676 1479 783 1546 maius
809 1489 865 1544 aut
896 1478 1014 1555 melius
1037 1477 1180 1560 excellit,

124 1573 290 1651 praestare
307 1564 436 1629 videtur
456 1581 553 1652 atque
570 1566 811 1654 praevertitur,
838 1565 874 1630 in
899 1565 1106 1656 designandis
1128 1565 1180 1630 his

10 1679 14 1714 r
123 1648 224 1713 rebus
250 1651 542 1737 praestantioribus
572 1673 659 1740 prae
689 1662 872 1739 usurpatur
896 1652 961 1734 ita,
988 1662 1026 1717 ut
1049 1651 1181 1718 nomini

12 1763 15 1800 z
124 1733 264 1798 addatur
277 1735 404 1802 vilioris
418 1738 465 1803 rei
489 1739 558 1804 sive
580 1737 668 1819 eiua,
698 1759 782 1822 quae
807 1737 1035 1826 posthabetur.
1078 1738 1181 1804 Recte

123 1841 205 1885 vero
229 1821 420 1890 Perizonius
450 1822 490 1887 ad
520 1821 644 1887 Sanctii
668 1823 805 1887 Minerv.
829 1824 860 1898 4,
883 1827 914 1888 6.
939 1833 1066 1905 monet,
1086 1845 1181 1912 prae

12 1941 16 1976 ι
124 1909 375 1996 praepositione
397 1930 467 1972 non
495 1907 639 1996 exprimi
663 1909 949 1996 comparationem
976 1933 1069 1992 eam,
1097 1931 1182 1998 quae

9 2025 17 2068 ς
125 1991 169 2055 ait
183 1992 217 2056 in
234 1994 483 2092 megialplus,
513 1994 587 2078 sed,
620 2003 656 2058 ut
681 1993 743 2075 ait,
768 1996 1072 2081 exsuperationem.
1121 1995 1183 2060 ln-

124 2074 305 2167 telligimus
327 2101 416 2144 enim
440 2079 578 2146 alteram
600 2101 673 2145 rem
700 2090 794 2157 ante,
824 2081 963 2147 alteram
991 2091 1070 2170 post
1086 2080 1182 2170 poni.

228 2199 321 2256 Plaut.
337 2199 439 2270 Amph.
455 2201 481 2268 1,
499 2200 525 2267 d,
543 2200 586 2255 29.
606 2202 674 2254 clam
688 2201 754 2254 ittae
765 2180 926 2256 redeundum
946 2209 987 2258 est
1001 2201 1084 2271 misi,
1098 2219 1130 2258 ne
1142 2217 1184 2259 Ιο

171 2351 177 2363 .
194 2301 296 2338 uxorem
308 2287 479 2359 praeuertisse
493 2288 584 2341 dicant
593 2303 657 2357 prce
671 2287 810 2354 republica.

212 2387 244 2452 6.
271 2387 439 2452 Nimirum
462 2387 585 2452 mutari
608 2387 738 2452 videtur
762 2385 843 2450 baec
864 2385 952 2452 ratio
967 2452 969 2462 ,
983 2388 1019 2451 in
1046 2397 1184 2453 contra·

7 2485 19 2528 τ’
125 2471 224 2548 riam,
244 2473 301 2538 ubi
322 2496 392 2553 res,
419 2492 504 2558 quae
524 2471 756 2560 posthabetur,
784 2482 864 2536 ante
884 2491 959 2536 eam
982 2473 1090 2558 posita
1114 2495 1183 2538 esse

127 2557 261 2640 dicitur,
284 2579 367 2644 quae
389 2557 605 2646 praeferatur.
648 2557 715 2622 Sed
735 2556 791 2622 illa
806 2579 859 2622 res
875 2556 974 2621 vilior
988 2568 1181 2624 removetur

125 2644 240 2733 potius
262 2666 308 2711 ax
327 2663 389 2710 suo
413 2643 488 2710 loco
502 2653 589 2714 ,ante
622 2642 762 2708 alteram
786 2651 968 2792 occupato,
998 2662 1082 2729 quae
1103 2651 1184 2708 tunc

125 2740 291 2820 praestata
322 2729 424 2817 idque
443 2728 482 2794 fit
509 2729 718 2816 spemendo‚
748 2727 869 2816 posthc

127 2826 241 2906 Ρθῑθθῒ
251 2815 421 2903 praetura
442 2838 492 2896 re,
506 2826 714 2905 praestante
732 2836 781 2882 re.
894 2725 994 2794 end0·
1039 2725 1185 2816 intelligi

128 2953 133 2960 ·
229 2934 432 2991 manusueti.
451 2935 477 3002 Ι,
494 2935 522 3002 2,
538 2935 582 2990 dd.
598 2953 639 2990 res
656 2936 740 2990 manta
760 2933 862 2989 rettotm
886 2932 964 2987 Ιωῡω
987 2948 1053 3004 pene
1070 2935 1140 3004 qued
1155 2940 1185 2990 tu

14 3029 18 3040 '
128 3042 131 3054 ·
182 3021 268 3076 .netts.
288 3018 308 3073 i.
327 3034 352 3073 a.
368 3035 437 3090 prae
454 3036 490 3074 en
505 3023 587 3090 qnod.
606 3020 720 3076 Terent.
737 3019 789 3075 Ad.
804 3017 834 3086 2,
851 3018 878 3086 8,
895 3018 1012 3089 Μαίη
1024 3020 1116 3074 amnis
1131 3017 1186 3074 nst

192 3105 354 3177 postputnoit
370 3121 423 3159 esse
445 3123 511 3174 prae
531 3123 588 3160 meo
609 3108 751 3161 cammada.
769 3105 790 3160 l.
809 3119 834 3160 e.
851 3117 1002 3172 praeverso
1025 3120 1092 3158 rnen
1109 3121 1186 3158 corn-

197 3189 289 3244 ntodo.
322 3189 394 3243 Hoc.
408 3189 435 3254 8,
448 3186 476 3256 5,
489 3189 533 3246 dd.
550 3197 765 3262 supersperans
779 3195 806 3244 te
822 3191 904 3243 amnis
925 3205 991 3261 prae
1012 3196 1122 3258 parente
1143 3187 1186 3242 ἕπ-

197 3277 297 3346 telligo.
314 3274 376 3328 Iris.
393 3272 480 3340 Md,
497 3275 524 3329 Ὶ.
545 3277 591 3346 qai
610 3277 698 3330 amaia
712 3291 781 3346 prae
799 3275 897 3328 ousta
917 3275 1034 3328 monn
1050 3279 1185 3344 spamus.

197 3358 292 3415 Plent.
308 3357 369 3412 teis.
385 3357 413 3426 t,
423 3357 451 3425 4,
466 3357 511 3414 84.
529 3361 569 3414 itu
586 3362 642 3414 uolo
665 3359 819 3414 eremmlore
832 3375 899 3429 pane
913 3357 985 3412 iltius
996 3360 1091 3425 sessus
1109 3356 1187 3426 quusi

198 3462 304 3514 spernus
327 3451 407 3497 tansu.
433 3442 453 3497 l.
471 3461 499 3497 e.
519 3445 591 3498 stalla
611 3445 673 3498 attat
697 3446 739 3499 uls
761 3446 794 3498 ab
819 3446 856 3498 dn
877 3460 926 3498 uer
948 3441 1189 3496 comsanensis

198 3531 273 3584 delae
288 3531 441 3584 oeroatteat.
477 3530 591 3585 Tenent.
605 3529 677 3583 Ena.
695 3527 723 3598 2,
738 3528 765 3596 2,
780 3528 808 3584 8.
824 3530 867 3584 asa
886 3545 937 3600 ega
953 3527 1029 3580 illusa
1048 3524 1188 3596 erumpet

196 3631 264 3685 pros
279 3631 329 3666 me.

215 3721 246 3784 6.
267 3717 355 3782 Haeo
369 3733 448 3780 usus
465 3715 671 3803 aliquantum
696 3714 857 3782 relaxavit
879 3715 914 3780 in
943 3709 1186 3799 componendis

16 3867 17 3879 ,
130 3810 165 3865 et
188 3803 366 3888 pensandis
385 3800 492 3867 rebus.
533 3801 599 3867 Vbi
629 3800 718 3866 enim
742 3824 794 3869 rea
809 3804 897 3868 inter
918 3809 960 3866 se'
976 3817 1187 3884 componun·

14 3887 16 3898 '
129 3895 198 3967 tur,
224 3910 337 3954 aarum
353 3887 488 3952 alteram
511 3885 667 3976 fingimus
682 3896 758 3952 ante
779 3888 919 3954 alteram
943 3905 1015 3950 esse
1038 3881 1188 3948 colloca-

129 3981 214 4052 tam,
236 3985 269 4040 et
283 3975 380 4040 sicuti
396 3973 554 4038 Germtni
576 3974 760 4061 loquuntur
778 3995 906 4062 gagen,
938 3971 1102 4059 dagegm
1119 3990 1187 4057 ge-

130 4059 261 4143 balten,
276 4059 383 4128 Latini
410 4059 472 4124 alia
493 4059 625 4126 ratione
640 4059 754 4126 dicunt
770 4080 873 4148 prae.
915 4060 1117 4144 Plerumque
1138 4053 1186 4137 id,

131 4146 226 4234 quod
257 4155 414 4237 praestat,
448 4143 639 4235 designatur
657 4143 722 4214 hac
744 4144 1015 4236 praepositione,
1033 4161 1188 4234 praeser-
