2760 4714
269 243 336 321 ΙΙΙ
479 309 483 320 ,
511 302 515 310 .
540 233 802 320 tuotone..
822 235 1039 316 moreau.
1121 263 1124 269 ¹

365 438 512 558 '”'-
605 489 988 582 ruoaouu0.

354 671 448 758 Quid
463 656 636 762 proporro
651 671 825 762 significet,
847 671 1022 741 eLucretii
1039 673 1246 740 carminibus
1263 675 1329 742 col·

269 759 329 848 ligi
349 769 477 852 potest:
498 760 526 824 is
541 759 630 824 enim
644 779 730 824 uuus
747 759 814 826 boe
831 759 995 826 vocabulo
1010 761 1124 826 utitur.
1168 761 1283 848 Atque
1297 763 1329 828 ia

270 849 347 934 eum
363 845 503 933 modum
526 854 574 910 eat
592 843 798 923 formatum,
819 844 853 910 in
871 867 970 932 quem
982 845 1185 934 propalam,
1223 857 1262 910 ut
1287 871 1330 912 ac

269 931 407 999 cedente
424 931 585 1020 particula
601 952 664 1020 pro
683 931 816 1018 gravior
832 927 928 996 fieret
946 931 1095 996 vocabuli
1111 933 1171 996 vie.
1216 931 1329 1019 Neque

270 1039 350 1085 vero
365 1014 713 1114 siguificat-deinum,
734 1015 824 1116 quod
842 1015 877 1082 iu
893 1016 1001 1082 indice
1015 1013 1258 1116 Eichstadiano
1273 1042 1332 1118 no.-

268 1098 1143 1286 ttutusu„retuterunttt„
1159 1103 1330 1268 tutu

267 1285 308 1342 ut
327 1289 399 1342 rem
417 1273 564 1358 designet
576 1273 647 1338 siue
664 1271 731 1338 ulla
748 1271 942 1338 conditione
966 1271 1176 1338 statuendam
1190 1285 1224 1338 et
1240 1275 1330 1340 nulla

268 1361 332 1426 alie
362 1381 403 1426 re
426 1357 651 1425 intercedente
686 1355 910 1424 efficiendam.
968 1357 1028 1424 Eat
1056 1357 1159 1446 igitur
1189 1359 1331 1428 directa.

269 1447 429 1513 Germani
450 1443 635 1532 loquuntur
653 1443 861 1532 gaudeluco,
891 1445 982 1511 olene
995 1443 1165 1511 «aeirem.

272 1575 275 1582 '
371 1561 521 1630 linerent,
535 1561 596 1618 bib.
614 1560 664 1617 sttt
676 1581 801 1635 propom
817 1581 884 1634 pene
898 1563 948 1620 star
959 1565 1104 1636 pdaaordie
1120 1571 1265 1632 ouum.
1277 1564 1297 1618 Ι.
1307 1580 1330 1618 e.

335 1649 373 1706 aia
382 1649 506 1720 sancires
519 1649 668 1720 gerudelia
681 1653 749 1704 eccl
766 1643 851 1705 ilrreivv
869 1647 1061 1720 Urnpmapb,
1085 1645 1148 1700 m
1176 1649 1274 1702 anina
1296 1656 1330 1704 avt

336 1735 442 1788 nimae
452 1751 582 1806 proporro
593 1735 675 1788 tatia·
687 1734 754 1805 ipen.
770 1734 827 1789 ia.
839 1733 890 1788 iila
903 1733 947 1791 vt·
966 1739 1083 1788 uranu
1102 1730 1179 1786 nibil
1198 1731 1281 1787 eliud
1294 1737 1330 1788 ad

336 1835 422 1888 quam
436 1817 531 1874 anime
545 1816 664 1874 animae.
692 1817 770 1872 ldem
789 1835 818 1872 v.
831 1817 893 1872 282.
909 1830 1039 1888 propono
1060 1824 1100 1870 ert
1123 1815 1221 1870 aaa
1236 1826 1265 1872 ct
1285 1821 1329 1872 dc-

336 1905 457 1960 nicatus
473 1901 1004 1976 meuategmtetteuttl.
1024 1899 1111 1969 (ΙΙ).
1130 1900 1254 1958 induc·
1272 1921 1329 1974 pre·

274 2051 276 2058 Ι
331 2005 414 2060 perro
428 1990 609 2058 resperserit.
623 1987 644 2041 Ι.
658 2004 684 2040 e.
700 2005 754 2044 noc
772 1987 829 2042 alia
847 2003 878 2041 re
893 1986 1089 2042 humanare.
1114 1985 1142 2057 b,
1158 1984 1226 2052 eta.
1247 2005 1325 2058 quus·

336 2089 393 2127 rere
407 2089 536 2144 proporro
551 2073 601 2126 u'ln'
615 2089 740 2144 moue
754 2087 882 2128 cccccccccc
899 2074 994 2128 neda.

567 2265 956 2416 'Puorruu.

351 2504 462 2572 Altera
481 2525 524 2570 ex
541 2525 668 2595 propuo
685 2515 762 2573 nata
778 2503 926 2574 adverbii
947 2503 1058 2571 forma
1080 2514 1151 2570 erat
1161 2506 1331 2598 propitier,

268 2611 352 2682 quae
370 2591 540 2657 dicebatur
554 2601 715 2678 propter,
734 2603 766 2657 et
781 2591 878 2657 sicuti
901 2591 962 2657 alia
982 2589 1138 2656 adverbia
1155 2593 1191 2656 in
1211 2617 1234 2658 e
1256 2595 1330 2658 etin

267 2687 320 2744 ter
339 2678 490 2742 exeuntia
508 2674 749 2762 significatione
766 2675 972 2759 differebant,
996 2677 1041 2742 ita
1061 2681 1164 2742 etiam
1181 2691 1331 2768 propter,
1353 2697 1354 2780 p

269 2762 524 2852 praepositionis
549 2760 660 2827 officio
676 2763 831 2854 fungens,
861 2766 1040 2863 proprium
1063 2762 1128 2828 sibi
1153 2763 1353 2830 vindicavit

267 2867 378 2914 usum.
410 2848 524 2936 Longa
541 2846 765 2936 disputatione
787 2849 976 2914 Perizonius
994 2848 1033 2914 ad
1053 2849 1181 2914 Sanctii
1196 2849 1288 2916 Min.
1304 2857 1329 2932 1,

270 2937 321 3000 16.
345 2933 508 3020 exposuit
517 2933 707 3000 adverbium
726 2955 805 3009 esse,
827 2933 917 3022 quod
940 2957 999 3024 per
1016 2931 1148 3022 ellipsin
1168 2953 1253 3000 cum
1271 2959 1330 3001 nn·

267 3017 412 3084 minibus
429 3020 702 3108 coniunguntur:
732 3019 852 3102 hodie,
887 3019 1058 3108 quomodo
1083 3019 1248 3086 adverbia
1271 3024 1351 3086 vim*

268 3113 301 3170 et
324 3125 448 3171 nomen
471 3106 729 3195 praepositionis
753 3117 937 3194 occupent,
963 3103 1055 3171 nulla
1079 3115 1129 3170 est
1156 3083 1350 3172 dubitatin¹

266 3187 355 3280 llldd
374 3207 453 3257 vero
483 3191 664 3274 miramur,
696 3191 786 3278 quod
812 3190 1027 3263 Gernherdus
1057 3209 1133 3254 cum
1175 3169 1349 3258 Manuos*

266 3275 322 3364 (ad
344 3277 412 3342 Cic.
437 3276 477 3344 de
501 3276 584 3343 San(
607 3279 659 3353 14,
684 3275 753 3366 te.)
776 3286 809 3342 et
830 3277 1006 3366 Zumptius
1026 3275 1080 3363 (ud
1109 3277 1206 3343 Verr.
1233 3283 1270 3357 4,
1284 3281 1328 3354 48,

269 3361 356 3448 107.)
381 3359 527 3428 adverbii
554 3371 704 3428 naturam
738 3363 880 3430 alienum
909 3382 979 3428 esse
1001 3363 1041 3428 ab
1072 3361 1134 3432 hae
1155 3363 1328 3463 ‘porticula

266 3449 603 3600 'clpntcnperunstspine
626 3447 710 3515 iusta
733 3471 858 3516 caussa.
917 3449 967 3516 De
992 3448 1238 3516 terminatione
1263 3447 1327 3516 vida

299 3555 367 3600 om.
405 3557 464 3624 .p.
547 3581 557 3602 .

353 3660 383 3720 1.
408 3656 555 3722 Primum
572 3653 673 3740 igitur
684 3664 835 3742 propter,
853 3653 904 3720 vel
923 3649 1157 3720 adverbialiter
1171 3653 1327 3740 positum,

267 3737 318 3839 vel
344 3741 600 3839 praepositionis
635 3750 798 3828 potestate
822 3741 1041 3817 accusativum
1064 3758 1205 3822 regens,
1246 3737 1327 3804 idem

150 3827 157 3850 ·’
267 3823 430 3911 significat
447 3827 540 3914 quod
557 3847 687 3917 prope,
711 3825 771 3890 sed
797 3823 900 3906 illud,
925 3824 1018 3914 qued
1039 3823 1075 3889 in
1092 3844 1209 3920 prope
1236 3825 1327 3888 etiam

269 3913 463 3996 agnovimus
485 3935 520 4000 p.
539 3917 626 3994 601„
649 3921 684 3975 ut
703 3933 767 3999 pro
784 3909 883 4008 irrata
897 3920 1055 3997 ponatur,
1078 3930 1143 4008 pro
1172 3931 1271 3974 rrum
1289 3915 1326 3973 est

269 3993 431 4063 vocabulo
442 4020 511 4086 pro
537 4010 600 4062 ter.
643 3997 715 4064 Hoc
735 3995 824 4062 enim
840 3995 1001 4085 signifieat
1022 4000 1054 4061 et
1078 4017 1117 4095 up
1236 3993 1326 4060 Na'ln

269 4086 303 4142 et
317 4078 441 4147 beben:
463 4105 502 4150 ve
518 4083 564 4148 uti
574 4095 719 4173 propter
736 4105 790 4148 me
809 4092 991 4174 utrumque
1009 4078 1193 4172 significet,
1222 4097 1325 4172 propt
