2804 4722
476 283 768 356 sususuuutu
1085 291 1151 362 aaa

89 457 344 526 demonstravit.
389 456 602 523 Praeerstm
622 458 829 544 spectare-ad
852 458 898 539 id,
924 461 1017 544 quod
1037 461 1146 548 aliqua

87 543 512 612 rationeconstituendum
538 545 600 624 sit,
637 563 707 607 uon
732 542 772 606 ad
793 544 976 624 rationem,
1006 565 1071 632 qua
1091 569 1145 612 res

88 633 329 706 constituaturs
350 629 492 710 ideoque
508 627 572 692 dici
586 649 656 691 rem
673 627 847 692 ascedente
865 649 980 693 caussa
995 631 1046 695 vel
1062 653 1145 696 oon·
1163 689 1169 700 .

87 717 215 782 ditione
232 715 408 802 praecipue
427 711 509 778 lieri.
555 713 668 793 Quare
692 713 874 778 secundum
898 713 1044 800 logicum
1066 739 1145 782 mo-

86 804 188 882 dum,
212 803 356 865 orationi
379 797 524 886 simplici
550 809 582 864 et
606 800 696 885 gravi
716 808 832 885 aptum
846 821 918 864 esse
935 803 1145 887 praesertim

86 909 201 974 quum,
220 887 277 951 sed
296 896 485 948 commotae
497 895 528 946 et
544 884 752 966 emphaticae
766 884 904 949 alterum
920 907 1022 971 pssum
1037 909 1143 976 prae·

85 973 215 1037 sertim.
261 971 349 1055 Ergo
372 970 427 1054 qui
451 970 495 1033 ita
519 969 678 1055 loquitur,
702 970 852 1034 animum
873 969 991 1035 habeat
1006 993 1142 1040 necesse

87 1069 138 1122 est
171 1057 222 1120 vel
254 1056 457 1141 aegritudine
497 1055 546 1119 vel
584 1055 812 1140 indignatione
851 1055 902 1120 vel
927 1055 992 1120 alio
1024 1059 1144 1125 affectu

86 1152 308 1208 commotum.
360 1143 403 1204 At
420 1141 487 1205 Cio.
505 1134 547 1205 de
563 1139 628 1204 Off.
646 1147 677 1220 2,
696 1145 746 1222 16,
770 1145 822 1204 56.
840 1141 878 1204 ia
899 1141 953 1205 lais
976 1143 1144 1210 immani·

85 1229 147 1292 hus
161 1227 306 1292 iacturis
318 1221 529 1313 infinitisque
544 1225 733 1312 sumptibus
749 1225 840 1290 uiuit
852 1249 913 1290 uos
931 1249 1144 1316 magnopere

84 1314 223 1388 mirari,
254 1335 356 1398 quum
376 1312 587 1400 praesertim
608 1335 714 1398 neque
737 1313 941 1377 necessitati·
960 1311 1143 1382 subvenia-

84 1411 153 1471 tur,
178 1421 240 1462 neo
255 1397 415 1486 dignitas
432 1409 617 1484 augeatur.
639 1398 680 1461 de
695 1397 766 1460 Fin.
785 1404 816 1476 2,
835 1399 866 1476 8,
880 1400 934 1464 25.
950 1411 1041 1465 recte
1057 1423 1145 1490 ergo
1231 1427 1235 1432 ’

85 1487 117 1550 is
130 1495 250 1570 negat,
271 1503 434 1570 umquam
449 1481 531 1546 dene
548 1505 706 1548 coenasse
724 1482 945 1560 Gallonium,
966 1497 1058 1550 recte
1071 1488 1142 1550 mi-

83 1591 209 1641 serum,
232 1591 334 1656 quaram
359 1569 565 1717 praesertim
588 1567 625 1632 iu
649 1591 687 1632 eo
711 1591 811 1634 omne
836 1569 991 1633 studium
1014 1595 1143 1636 cousu-

84 1666 202 1720 meret.
247 1655 361 1732 Quinti
379 1697 388 1717 .
405 1659 436 1732 2,
452 1659 512 1728 21.
526 1657 573 1717 13.
592 1675 697 1740 quare
711 1655 823 1740 igitur
836 1667 1022 1738 oratorem,
1043 1679 1143 1744 qrsem

84 1763 110 1808 a
129 1739 215 1804 bono
231 1739 302 1803 uiro
315 1763 385 1804 riou
399 1760 534 1824 separo,
557 1739 594 1802 in
611 1737 732 1803 eadem
755 1743 907 1805 materia
931 1743 1066 1806 uersari
1077 1743 1142 1808 mi-

82 1823 167 1892 rer?
195 1847 298 1912 quum
318 1825 528 1912 praesertim
553 1825 671 1911 primo
703 1823 791 1889 libro
822 1827 896 1890 iam
922 1826 1144 1908 ostenderim,

80 1911 302 2002 philosophos
326 1909 489 1975 omissum
520 1909 610 1973 hauc
636 1907 895 1975 adoratoribus
914 1923 1061 2013 partem
1082 1937 1146 1978 oc·-

84 2019 238 2084 cupasse.
281 1995 317 2058 ln
341 1997 390 2059 his
406 1993 560 2082 profecto
588 1995 679 2059 nulla
702 2007 751 2061 est
773 1996 938 2084 emphasis
964 2021 1006 2062 ex
1027 1999 1144 2064 animo

85 2093 259 2147 commoto
278 2081 448 2168 profecta,
470 2081 526 2144 sed
546 2081 788 2156 demonstratio
810 2103 887 2147 cum
902 2083 1076 2168 singularis
1092 2088 1141 2152 rei

84 2168 311 2254 designatione
335 2167 521 2231 coniuncta.
573 2166 643 2230 Nec
658 2177 815 2232 'caussam
837 2171 1022 2256 expositam
1046 2171 1141 2236 vidc-

6 2299 7 2308 .
83 2275 172 2331 mus,
194 2275 289 2338 quae,
305 2263 509 2317 commutato
526 2252 643 2316 ordine
661 2253 854 2336 verborum,
872 2255 961 2320 illam
979 2255 1044 2320 vim
1060 2275 1145 2322 ora·v
1228 2319 1231 2328 ,

6 2387 7 2396 1
85 2340 170 2404 tioni
187 2339 312 2404 afferat.
356 2339 420 2402 Sed
436 2339 545 2401 omnis
562 2337 644 2401 haec
661 2339 813 2402 doctrina
837 2341 955 2404 nititur
979 2342 1144 2428 opinione

6 2481 7 2490 ,
74 2426 127 2490 'de
145 2425 303 2490 orationis
321 2422 472 2510 emphasi
492 2433 726 2508 praesumpta,
749 2443 833 2508 quae
849 2437 1055 2512 quantopere
1077 2449 1139 2491 au-

85 2523 215 2578 ctorem
236 2531 334 2574 suum
357 2507 532 2583 fefellerit,
562 2507 615 2572 alii
635 2508 701 2572 iam
725 2507 942 2573 declararunt.
994 2511 1141 2578 Orellius

84 2599 127 2665 ad
154 2597 222 2664 Cic.
247 2595 339 2660 Orat.
366 2599 399 2674 9,
425 2599 478 2662 82.
523 2590 672 2658 Kritaiua
696 2592 737 2658 ad
761 2593 894 2658 Sallust.
919 2595 989 2661 Cat.
1012 2599 1065 2675 51,
1086 2602 1142 2663 19.

82 2683 205 2769 aliique
221 2680 354 2746 nullum
378 2680 555 2746 discrimen
577 2680 664 2746 inter
685 2690 867 2769 utrumque
880 2679 1138 2750 uerborum'or·

85 2770 199 2835 dinem
226 2777 442 2854 agnoverunt.
839 2839 840 2844 η
882 2787 906 2803 ··

6 2915 7 2932 .
170 2853 383 2918 Praesertim
408 2853 447 2922 iis
472 2852 598 2928 verbis,
617 2869 706 2939 'qnae
722 2850 762 2916 ad
778 2847 974 2918 senientiam
991 2853 1139 2942 ampith-

6 2997 7 3020 ἶ
84 2939 222 3007 condam
239 2939 411 3017 accedunt,
427 2938 662 3026 praemittitur,
687 2960 765 3002 raro
782 2948 859 3025 post
875 2959 970 3004 suum
991 2941 1138 3006 vocabu·

6 3079 8 3104 .
82 3029 174 3101 lum,
200 3025 228 3091 si
242 3046 345 3091 unum
366 3035 423 3108 est,
447 3025 596 3112 panitur,
619 3034 656 3088 ut
674 3023 760 3110 apud
786 3024 854 3088 Cic.
878 3024 919 3089 de
945 3025 1013 3092 Oli.
1038 3032 1067 3107 1,
1084 3031 1144 3110 88,

6 3163 8 3194 .
84 3117 161 3180 187.
189 3110 242 3176 vd.
265 3134 299 3198 p.
326 3113 401 3177 532.
435 3120 491 3174 aut
516 3113 602 3175 inter
627 3110 788 3176 vocabula
812 3109 1010 3177 collocanda
1030 3113 1139 3178 inter·

6 3251 7 3280 p
83 3201 240 3288 ponitur:
256 3195 311 3262 vd.
327 3221 360 3279 p.
376 3197 453 3264 533.
483 3199 596 3278 Quare
613 3196 713 3260 etiam
737 3196 954 3260 enuntiationi
970 3199 1140 3264 conditio-

83 3283 154 3350 nali
171 3295 203 3347 et
219 3283 352 3347 canssali
371 3283 556 3368 praecedlt‚
578 3293 615 3346 nt
640 3281 681 3345 sit
693 3282 904 3371 praesertim
913 3283 954 3356 si,
968 3306 1143 3372 praeter·-

84 3372 288 3460 timpanum.
333 3367 398 3432 Sed
423 3379 503 3456 post
524 3366 792 3432 coniunctionem
816 3368 1002 3433 collocatur
1032 3369 1144 3456 parti·

84 3455 159 3520 cula
177 3467 348 3541 tamquam
371 3463 509 3520 attracta
533 3476 552 3519 a
573 3453 711 3538 reliquis
732 3454 839 3519 verbis
856 3455 907 3520 vel
924 3453 965 3518 alt
978 3475 1047 3519 uno
1069 3477 1143 3520 no-

83 3543 189 3618 mine,
212 3550 250 3605 ut
270 3551 324 3605 aut
342 3560 502 3622 caussam,
518 3561 603 3626 qnae
621 3549 840 3619 memoratur,
863 3539 1036 3626 imprimis
1045 3541 1140 3628 cogi-

83 3626 222 3693 tendam
238 3647 307 3690 esse
321 3623 461 3709 indicet,
483 3636 539 3690 aut
560 3624 704 3706 nomini,
728 3625 780 3690 cni
794 3625 971 3711 praecedit,
994 3625 1140 3711 aliquam

84 3714 280 3802 grauitatem
295 3710 428 3775 tribuat.
472 3713 590 3776 Cicero
608 3711 636 3775 ai
657 3711 843 3795 scripsisset
860 3711 957 3778 Verr.
970 3717 1002 3788 2,
1020 3716 1069 3792 18,
1085 3712 1139 3782 44.

81 3795 241 3900 profesto
257 3797 350 3864 euim
363 3820 406 3862 ne
433 3819 499 3862 are
509 3821 579 3863 nou
590 3805 699 3886 potes.
716 3807 753 3861 te
768 3795 896 3884 exlege
907 3793 1050 3884 Rupilia
1060 3820 1139 3864 sor·

84 3887 149 3954 sin
169 3883 336 3950 iudicium
359 3819 530 3960 dedamus,
557 3903 659 3970 quum
677 3879 860 3948 Heraclius
883 3880 925 3946 id
933 3883 1140 3968 postularet.

85 3971 122 4040 in
132 3969 285 4036 Heraclio
299 3991 364 4034 una
381 3989 495 4033 caussa
507 3966 623 4034 fuisset
638 3967 753 4034 indicii
764 3966 887 4053 exlege
894 3967 1073 4035 sort-iendis
1087 3970 1139 4036 sin

79 4056 292 4147 praesertim
327 4077 418 4133 rrum,
433 4055 594 4121 sententis
612 4063 708 4134 esset,
724 4065 758 4120 et
773 4052 879 4118 multo
895 4055 1023 4143 magis,
1038 4077 1141 4144 quum

85 4141 271 4212 Heraclius
286 4081 327 4208 id
336 4138 547 4235 postularet:
567 4139 630 4208 sed
648 4139 780 4230 sorpsit
801 4159 906 4230 quum
921 4143 1144 4234 praesertim,
