2830 4712
258 239 302 306 ιι
335 341 339 357 Ι
756 235 829 304 aa.
934 207 937 215 ’

259 417 297 474 at
312 407 578 487 demonstraret,
596 406 684 480 utin
700 403 754 474 his
767 405 954 493 significare
983 405 1272 494 quemadmodum
1291 419 1325 476 ct

247 495 366 562 'timeo
382 518 426 560 ne
443 495 526 571 dici,
548 493 575 557 ai
593 493 668 579 quis
689 493 847 580 fugienda
860 493 995 568 timeat,
1016 493 1122 558 timeo
1136 505 1193 572 at,
1215 497 1243 560 si
1260 517 1322 560 ca-

141 613 143 618 ·
187 631 189 638 ,
258 582 330 670 pita
359 591 393 646 et
414 590 528 668 optata
556 577 693 661 timeat,
719 601 756 644 ea
778 579 901 644 iustam
924 578 1090 645 Perizonii
1114 579 1325 668 aliorumque

241 677 354 734 ‘nacta
373 677 422 732 est
436 687 625 734 censuram.
659 663 864 730 Schwareius
878 667 911 732 ia
929 664 1110 730 Tursellini
1129 665 1235 747 libro,
1257 669 1323 734 Pe·

220 794 226 822 t
257 753 446 832 rizonium,
475 762 514 814 ut
543 751 606 833 eit,
637 753 812 838 sequutus,
841 775 884 816 aa
910 753 1037 836 accepit
1065 773 1129 838 pro
1156 778 1204 818 aa
1232 777 1322 818 uon:

283 862 326 904 uo
342 838 427 912 nihil
442 835 595 908 allicitur.
637 837 744 902 Hodie
757 848 870 902 autem
894 859 1011 902 omncs
1028 833 1097 902 fere
1112 840 1322 924 grammatici

258 865 397 1002 docent,
420 925 453 990 iu
473 923 580 1004 verbis
596 923 765 988 metuendi
785 921 884 988 simul
902 921 1040 1010 cogitari
1065 923 1265 1000 desideriam
1287 940 1343 992 et·
1401 931 1402 972 ἒ

256 1011 366 1080 verbis
384 1010 488 1075 timeo
503 1033 547 1075 ae
566 1009 700 1086 eueniat
716 1005 893 1095 significari
908 1009 1013 1078 timeo
1028 1007 1226 1095 sapiensne
1244 1035 1315 1078 eue-

255 1098 354 1164 aiut.-
386 1095 673 1194 quodquomodo
695 1094 769 1160 {ieri
800 1106 931 1182 posset,
962 1105 1147 1174 nemo,.ut
1178 1095 1320 1180 videtur,
1401 1139 1402 1144 κ

254 1185 332 1249 satis
356 1180 541 1248 declaravit.
583 1181 700 1270 Nuper
713 1192 826 1246 tamen
852 1181 893 1245 de
916 1178 978 1244 hac
999 1203 1037 1244 re
1058 1179 1234 1267 disputans
1251 1183 1321 1248 Lu-

255 1270 334 1336 dov.
362 1269 520 1334 Arndtius
544 1266 578 1332 iu
605 1267 770 1333 Analectis
794 1265 910 1332 Horat.
938 1289 973 1354 p.
999 1273 1048 1332 11.
1074 1289 1197 1332 novam
1230 1267 1329 1352 viamx

256 1355 426 1444 aperuisse
449 1355 511 1419 sibi
540 1352 629 1418 visus
656 1366 723 1418 este
751 1352 858 1420 uerbis
883 1351 946 1417 illis
971 1347 1147 1438 significari
1172 1354 1320 1419 anxieta·
1402 1385 1403 1394 ι

255 1453 324 1520 tem
350 1449 383 1506 et
406 1438 684 1519 sollicitudiuem,
717 1439 769 1503 cui
792 1437 937 1504 admixta
969 1438 1012 1502 sit
1043 1458 1116 1526 spes
1145 1441 1320 1526 quaedam,

195 1577 204 1602 f
253 1525 328 1594 fore
345 1536 383 1591 ut
399 1549 470 1592 non
487 1525 614 1600 eveniat
629 1524 717 1590 mala
729 1545 794 1590 ree.
838 1525 951 1604 Quare
971 1534 1085 1588 metuo
1110 1547 1153 1589 ne
1164 1521 1240 1611 fiat
1263 1527 1319 1594 ia-

253 1623 473 1702 terpretatur:
514 1614 611 1676 anxie
640 1632 740 1688 curo,
779 1632 823 1676 ne
845 1609 919 1674 [iate
949 1620 1038 1674 certe
1061 1609 1148 1676 enim
1173 1609 1249 1694 fiet,
1279 1623 1320 1676 ut

253 1701 393 1788 opinor,
419 1697 453 1764 id
479 1698 569 1784 qaod
596 1691 669 1760 lieri
692 1718 763 1762 non
789 1696 900 1784 cupio.
944 1693 982 1778 ld
1008 1715 1072 1782 qua
1097 1696 1225 1762 ratione
1248 1695 1319 1762 dif-

253 1786 341 1853 ferat
359 1785 400 1848 ab
417 1783 476 1851 illo
491 1781 550 1848 reli
579 1802 699 1846 noram
718 1782 1014 1868 grammaticorum
1039 1793 1217 1880 praecepto
1244 1805 1318 1849 non

253 1870 442 1960 perspicio,
469 1805 633 1955 siquidem
666 1867 765 1932 etiam
787 1871 820 1933 in
848 1865 909 1933 hac
935 1888 1013 1931 cura
1041 1878 1127 1933 toest
1154 1868 1317 1957 cupientis
1403 1881 1404 1890 ’

175 1965 181 1984 ’
253 1956 433 2026 attactas„
458 1953 574 2042 Neque
599 1953 636 2017 in
668 1952 873 2042 explicandis
897 1951 1003 2019 verbis
1033 1965 1147 2018 metuo
1178 1965 1216 2019 ut
1237 1950 1315 2042 fiat
1403 1993 1404 2028 1

252 2039 406 2107 eamdem
423 2037 589 2104 rationem
607 2038 757 2104 adbiberi
779 2040 891 2119 licuit,
912 2038 970 2103 sed
993 2039 1162 2103 Sanctium
1188 2063 1316 2127 sequu-

249 2126 433 2219 tus,'idem
462 2124 618 2196 Arndtius
644 2124 725 2190 haec
748 2127 835 2189 inter
858 2134 982 2190 retatus
1008 2135 1073 2188 est:
1098 2120 1315 2209 anxianum,

186 2291 189 2298 Ι
251 2211 425 2301 quomodo
447 2210 525 2275 fiat:
557 2211 649 2298 quod
678 2211 770 2298 quasi
794 2147 920 2276 nrllane
946 2210 1072 2276 dictam
1099 2223 1182 2275 esset
1206 2211 1246 2276 de
1269 2213 1316 2278 ti-

249 2320 357 2366 more.
399 2299 442 2363 At
456 2319 558 2361 nemo
574 2297 617 2361 ita
635 2297 794 2384 loquitur.
836 2299 921 2362 Ante
945 2296 1057 2360 omnia
1083 2297 1321 2385 quaerendum·
1404 2352 1405 2374 ,

250 2396 320 2464 est,
350 2403 417 2471 quo
441 2383 546 2448 modo
569 2382 667 2449 verba
691 2382 878 2461 metuendi,
903 2403 987 2468 quae
1016 2383 1236 2448 accusativum
1263 2385 1315 2452 rei

250 2490 417 2539 assumere
432 2469 551 2546 solent,
572 2489 647 2534 cum
667 2467 955 2534 coniunctionibus
970 2466 1073 2532 finem
1089 2468 1313 2536 indicantibus
1404 2505 1405 2532 1

248 2569 287 2626 ιιι
304 2568 336 2624 et
351 2579 394 2622 ne
414 2558 546 2644 possint
565 2557 737 2642 componi.
779 2553 947 2618 Nimirum
969 2574 1039 2618 non
1060 2566 1200 2640 possunt
1223 2577 1314 2642 pro-

247 2644 322 2734 prie
337 2643 517 2730 componi,
538 2663 599 2706 nec
615 2653 653 2706 ιιι
669 2652 703 2708 et
717 2664 760 2706 ne
773 2639 922 2728 pendent
937 2661 979 2703 ex
996 2640 1102 2704 verbis
1129 2641 1313 2724 reserpendi,
1404 2679 1405 2682 ι

248 2731 306 2797 aed
330 2730 365 2794 ia
382 2727 445 2794 hac
462 2728 706 2816 compositione
727 2726 884 2792 eumdem
909 2725 1132 2811 conspicimus
1157 2725 1312 2802 modum,

210 2865 213 2872 .
248 2837 315 2904 quo
336 2815 444 2879 Latini
468 2814 583 2878 dicuat
609 2835 724 2878 verum
749 2823 798 2877 est
821 2823 876 2888 ut,
907 2810 1090 2876 uerisimile
1116 2823 1165 2877 est
1186 2823 1243 2888 ut,
1272 2813 1313 2879 in
1404 2849 1405 2852 ¹

248 2901 366 3000 quibus
381 2897 585 2986 explicandis
604 2898 666 2963 riri
682 2896 772 2961 docti
797 2897 898 2962 nimis
920 2893 1104 2961 artificiosis
1127 2919 1312 2996 argumen-

245 2999 289 3053 ιιι
309 2987 358 3052 uti
373 2985 482 3050 conati
499 2993 587 3048 sunt.
629 2983 689 3048 Est
714 3004 793 3048 vero
819 3003 929 3047 caussa
952 2980 1134 3047 admodum
1151 2983 1312 3070 simplex,

268 3095 311 3138 na
326 3071 362 3136 in
377 3068 548 3136 contracta
561 3074 711 3136 oratione
729 3089 790 3156 per
807 3067 1069 3134 enuntiationem
1092 3065 1226 3133 finalem
1240 3091 1309 3146 res,

245 3097 287 3225 de
315 3179 379 3246 qua
402 3153 735 3235 dicita1·,delinitur:
763 3153 864 3218 veluti
888 3174 994 3240 quum
1017 3154 1133 3220 Cicero
1160 3155 1220 3223 ait:
1249 3177 1311 3220 oe-

244 3266 321 3310 rum
350 3254 419 3321 est,
448 3254 486 3308 ut
508 3241 611 3308 douae
637 3239 717 3306 boni
739 3237 914 3326 diliguat,
933 3238 1094 3306 sententia
1118 3239 1219 3326 plena
1238 3251 1308 3305 est:
1387 3241 1390 3250 '

242 3329 314 3396 fieri
329 3343 367 3393 ut
383 3329 492 3393 bonor
509 3327 588 3392 boni
605 3325 760 3424 diligant,
781 3325 814 3390 ia
832 3345 947 3390 verum
968 3334 1027 3389 cst.
1076 3321 1128 3391 Vt
1143 3322 1312 3412 significat

243 3415 369 3502 aliquid
393 3414 552 3500 consequi
576 3434 617 3478 ex
641 3415 774 3496 aliquo,
796 3409 888 3498 quod
911 3409 944 3473 id
973 3409 1109 3475 efficiat:
1134 3411 1191 3474 sed
1217 3407 1310 3477 effe·
1404 3487 1405 3490 Ἴ

242 3513 335 3568 ctum
362 3499 573 3577 enuntiatur,
604 3496 750 3580 efficiens
778 3496 942 3584 cogitatur
963 3506 1104 3562 tantam.
1153 3495 1309 3563 Timonis

242 3599 355 3656 eutem
399 3585 526 3674 duplex
557 3584 731 3652 videbatur
763 3581 927 3648 veteribus
965 3605 1035 3647 esse
1073 3582 1176 3646 ratior
1224 3604 1309 3649 nam

241 3685 299 3739 aut
322 3672 562 3760 aegritudinem
585 3671 705 3750 animi,
735 3689 799 3754 qua
829 3669 864 3733 in
884 3669 1006 3732 timore
1030 3665 1213 3744 allicimur,
1231 3690 1308 3742 ,re-

241 3760 408 3848 spiciunt,
432 3767 466 3821 et
479 3759 594 3822 dicunt
615 3755 658 3821 de
682 3755 802 3842 aliquo
824 3775 862 3818 re
878 3753 1016 3832 timere,
1036 3753 1145 3817 alicui
1169 3753 1305 3830 timere,

240 3857 297 3912 aut
311 3844 564 3934 cogitationem,
587 3863 630 3906 ne
647 3841 702 3921 id,
724 3838 817 3928 quod
830 3837 1030 3918 immineat,
1044 3838 1182 3915 eveniat,
1199 3839 1307 3905 intel-

238 3931 359 4016 ligunt.
403 3930 517 4011 Quare
542 3949 647 4016 quum
670 3925 771 3996 latine
794 3924 918 4011 loquor
940 3925 1061 3996 timeo,
1087 3924 1197 4010 cogito
1216 3935 1307 4010 preto

239 4005 412 4101 vel'aapio
428 4011 593 4103 arefieri
607 4034 691 4079 rem.
733 4011 820 4076 Hinc
835 4021 914 4075 nata
934 4021 982 4074 est
998 4017 1167 4074 contracta
1183 4011 1307 4077 oratio.

238 4103 305 4168 Pro
322 4124 382 4186 eo,
405 4102 499 4189 quod
520 4098 698 4167 dicendum
721 4106 792 4165 ests
808 4105 898 4186 puto
922 4119 993 4162 reon
1006 4090 1113 4183 fleri,
1135 4106 1174 4161 ιιι
1196 4096 1308 4162 austi-
