2804 4722
517 311 726 382 rutttuuu.
1081 315 1149 382 §bt

85 498 143 554 eet
158 493 232 572 per‘
251 491 334 550 ante
356 482 460 568 diem,
486 484 539 550 rel
561 485 600 550 irs
623 497 851 560 antecessum,
876 481 928 548 'id
945 491 1006 558 est,
1031 481 1146 570 prius.

85 569 291 656 Respexisse
320 570 449 636 vitietur
472 570 510 636 ire
534 571 749 638 antediem:
779 581 813 634 at
840 568 1015 668 quomodo
1041 593 1086 635 eu
1102 588 1147 638 ex

91 669 175 724 cute
191 655 314 720 lactum
337 657 390 729 sit.
416 679 486 721 non
500 658 704 746 intelligitur.
736 653 905 721 charisius
923 659 1048 742 p..tttt.
1060 675 1145 740 per-v

89 743 193 810 credie
210 742 310 829 qrrusi
323 755 504 830 perempta
524 741 592 818 die,
620 742 711 845 quod
729 753 938 808 notaverunt
958 763 1146 828 grammu-

91 829 156 896 ee'ce‘
163 855 174 892 .·
190 829 270 915 quia
285 849 385 914 quum
401 825 576 979 dssmm
594 829 751 904 decimus,
766 826 859 892 diem
874 827 1062 892 novissimo
1074 826 1147 894 lece

91 915 257 994 dicemus,
279 937 348 978 nou
370 925 408 978 ut
465 914 471 928 '

91 1002 230 1066 Vossius
246 1021 315 1064 non
331 997 574 1080 demonstrans,
592 1000 671 1086 quid
687 1009 772 1065 esset
787 999 869 1064 illud
881 1009 1063 1086 perempta
1079 997 1147 1070 die,

93 1086 160 1152 ssu
183 1085 267 1150 liber
291 1086 517 1172 nespolitanue
537 1086 635 1152 habet
654 1109 721 1172 per
744 1108 786 1150 eu
806 1086 883 1150 diet
915 1083 1002 1150 unda
1023 1085 1146 1154 uinces

89 1193 236 1238 mannus
257 1171 392 1236 coniicit
417 1171 631 1238 scribendum
655 1169 725 1236 es'se
741 1193 811 1258 per
832 1193 911 1238 erem
932 1169 1036 1236 dieue.
1074 1169 1146 1240 lutee

91 1259 245 1324 Perottus
263 1256 379 1343 legisse
396 1257 524 1322 videtur
538 1259 571 1322 iu
588 1281 649 1322 suo
674 1258 760 1322 libro
784 1257 830 1332 id,
854 1255 945 1343 quod
967 1256 999 1320 in
1022 1253 1146 1324 editio,

457 938 489 979 re
512 926 645 1002 quarto.
687 915 772 980 Hoc¹
789 913 1020 1002 comprobavit
1045 912 1146 984 Geels.
1273 959 1277 972 .
1386 915 1387 924 ’

92 1342 192 1441 nibus
209 1343 400 1430 permansit.
442 1343 621 1422 „Pereudic
636 1342 798 1431 significet
817 1343 904 1408 diem
928 1344 984 1428 qui
1002 1341 1146 1406 crastino
1259 1411 1263 1422 ,
1349 1433 1364 1465 '

118 1449 269 1494 coximus
293 1426 420 1492 fuitrel
438 1430 518 1504 erit,
542 1431 634 1516 quasi
660 1441 810 1516 peremto
832 1451 899 1494 uno
922 1429 1007 1494 dis.“
1044 1423 1147 1493 Vstat'e

89 1453 254 1580 ‚iacebat
264 1513 435 1600 perendie
450 1513 544 1578 idem
558 1525 608 1580 est
644 1516 712 1579 uod
720 1527 803 1602 port
826 1535 916 1594 crae,
946 1513 1046 1602 prensi
1063 1535 1147 1600 per«

92 1609 210 1687 emptu
230 1622 302 1664 uria
318 1599 385 1663 die.
424 1600 599 1665 llllurtinius
614 1540 810 1684 licisseldicit
825 1601 942 1687 „quasi
961 1599 1148 1687 possedeat,

121 1705 276 1752 crucum
301 1684 389 1749 diem
411 1685 627 1764 transeundo,
652 1695 781 1776 praeter
803 1685 904 1763 huuc,
927 1686 985 1772 qui
1008 1686 1146 1750 attrrit.“

81 1709 244 1858 'fientque
261 1771 448 1858 llartnngus
464 1771 498 1836 in
514 1771 598 1837 libro
615 1773 655 1838 da
673 1772 808 1838 Casibus
825 1795 857 1856 p.
874 1777 946 1837 207.
969 1771 1149 1838 arbitratur

91 1857 318 1946 compositum
337 1879 407 1922 esse
424 1855 620 1922 vocabulum
638 1868 804 1944 experet
823 1859 885 1940 ἔνη.
912 1858 977 1924 Sed
993 1857 1148 1924 oinuilrtte

93 1943 147 2009 bis
171 1940 386 2030 opinionibus
407 1943 567 2032 veriorem
588 1955 768 2032 pelosum,
793 1965 894 2030 quum
908 1941 995 2008 lsacc
1011 1943 1147 2011 Vossius

94 2040 128 2095 et
146 2025 364 2094 Doederlinus
380 2027 599 2107 tradiderunt,
613 2051 682 2096 esee
697 2029 754 2094 die
770 2029 877 2116 πέραν.
920 2030 1005 2094 Nom
1024 2029 1057 2093 iu
1072 2051 1149 2096 cett-

91 2114 184 2181 etino
201 2113 253 2178 die
270 2113 431 2178 terminus
446 2115 660 2196 statuebatur,
682 2135 780 2204 quem
802 2116 915 2182 tertius
932 2115 1119 2183 excedebat.
1191 2133 1195 2146 ·
1223 2124 1227 2136 ’

179 2238 380 2327 significatio
396 2262 459 2308 uun
483 2252 530 2306 est
548 2239 588 2308 de
610 2243 707 2309 tertio
727 2244 789 2321 die,
813 2254 848 2308 ut
866 2243 995 2332 primus
1010 2243 1052 2307 sit
1067 2240 1149 2324 eius,

95 2323 153 2414 qui
173 2326 331 2412 loquitur.
380 2328 539 2411 Alioquin
559 2329 673 2394 dicunt
692 2329 793 2394 tertio
810 2329 880 2394 die.
923 2331 1078 2395 Persaeus
1101 2337 1149 2394 est

94 2413 244 2479 vocabuli
275 2434 370 2478 usust
410 2413 540 2478 nullum
565 2436 657 2480 exem
686 2414 754 2478 lum
778 2415 945 2480 iuvenitur
969 2414 1055 2500 apud
1076 2410 1148 2478 'I'e-
1243 2425 1246 2430 ’

93 2499 254 2566 rentium.
286 2495 325 2564 In
348 2499 504 2565 omnibus
527 2509 637 2584 autem
659 2437 742 2564 lbcis
764 2499 932 2589 praecedit
951 2499 1149 2566 vocabulum

91 2607 187 2650 erade

197 2703 290 2760 Pleni.
308 2703 373 2758 Aul.
390 2703 417 2771 ἱ,
433 2703 459 2770 1,
476 2701 521 2758 84.
537 2721 604 2774 ques
614 2721 674 2758 aas
687 2703 786 2770 mint,
810 2705 929 2774 perendie
939 2710 1019 2774 soree
1031 2706 1148 2771 suctu.

93 2857 99 2868 .
162 2788 252 2843 Here.
271 2791 297 2856 2,
314 2789 341 2855 8,
359 2787 403 2844 tl.
423 2807 479 2842 uus
496 2791 579 2860 egilo,
594 2790 717 2859 perendie
732 2791 815 2860 egita.
834 2787 965 2856 setene,
981 2788 1065 2860 l‚12.·
1089 2787 1148 2846 Cio.

163 2876 198 2928 etl
215 2871 388 2938 Att1²‚4l.
408 2874 471 2927 ecies
487 2875 573 2946 igitur·
585 2880 703 2944 sortasse
725 2893 791 2942 eras,
809 2894 936 2930 warmuse
953 2876 1086 2947 perendie.
1104 2873 1149 2942 le,

161 2961 206 3014 cu.
224 2959 258 3014 etl
280 2957 359 3010 ran.
386 2957 429 3026 16,
454 2959 497 3026 1³,
521 2957 548 3012 8.
573 2977 633 3014 erce
652 2961 758 3018 aderiti
780 2959 878 3016 videlic
892 2959 993 3032 tgttcra
1012 2976 1077 3016 teca
1097 2973 1149 3034 ege

160 3045 357 3117 timorosus
371 3061 447 3098 mese
461 3044 556 3116 cogite.

289 3295 597 3384 PERINDE.
650 3295 969 3386 PROINDE.

178 3479 225 3545 Vt
245 3487 398 3543 naturam
430 3475 580 3543 vocabuli
611 3477 760 3567 perinde
789 3485 879 3546 recte
899 3477 1149 3568 perspiciamus,

92 3564 323 3652 incipiendum
339 3573 388 3628 est
405 3586 423 3628 u
440 3563 602 3628 vocabulo
622 3564 784 3652 proinde,
814 3566 904 3653 quod
930 3562 1147 3654 grammatici.

94 3671 201 3738 quum
226 3649 291 3714 vim
309 3650 377 3713 eius
393 3651 426 3715 iu
451 3649 688 3715 concludendis
710 3652 879 3716 sententiis
904 3649 1148 3800 capessisseut,

92 3736 368 3804 coniunctionem
388 3736 609 3883 appellarunt.
651 3733 689 3800 ln
712 3737 824 3802 multia
853 3756 930 3802 vero
967 3735 1035 3800 ocis
1058 3733 1150 3798 dice·

93 3823 195 3886 batur
216 3821 257 3886 de
272 3841 395 3907 sequan
422 3843 448 3884 rs
467 3819 585 3885 rebus:
605 3841 709 3909 quare
725 3822 778 3888 alii
793 3821 904 3900 multi,
926 3831 963 3887 ut
981 3819 1149 3884 Manutius

91 3906 137 3972 ed
169 3907 234 3972 Cic.
260 3905 367 3994 Epist.
394 3905 474 3972 lum.
501 3912 552 3985 10,
574 3908 605 3972 4.
637 3913 687 3980 tt.
717 3912 768 3974 28.
803 3907 916 3973 Rivius
945 3906 984 3971 ed
1012 3905 1147 3970 'serenis

91 3991 233 4058 Pharin.
255 3995 286 4069 2.
310 3997 350 4068 8,
373 3991 425 4059 86.
461 3991 619 4057 Greeviue
642 3992 684 4057 ad
706 3993 776 4059 Cic.
799 3994 826 4060 ll
852 3993 903 4058 ist..
920 3991 1000 4057 fam.
1024 3993 1073 4063 10,
1093 3991 1147 4056 st.

92 4077 259 4144 scheller.
272 4077 306 4142 in
326 4075 468 4143 Observ.
479 4101 514 4167 p.
532 4077 586 4144 60.
618 4079 788 4144 Pcseovius
857 4078 970 4147 Tacit.
985 4077 1098 4142 Germ.
1116 4062 1149 4140 6·

92 4162 274 4252 Welchiue
297 4162 340 4228 ed
362 4161 468 4231 Tacite
492 4163 644 4252 egeto.
660 4171 697 4232 in
711 4186 753 4231 eo
776 4155 1021 4253 acquiererent,
1044 4170 1081 4228 ut
1096 4158 1151 4226 di·
1259 4207 1263 4216 «

867 4267 940 4334 29*
