2858 4714
413 235 416 240 ’
480 271 580 338 nnc.
621 271 785 355 nuova
841 291 847 296 ·
1127 283 1170 346 aa

386 381 389 388 s

104 453 343 512 consonantem
369 443 534 523 litteram,
561 443 676 512 nescio
702 445 781 529 quid
806 452 928 510 statuat
949 441 1073 510 lactum
1095 467 1166 512 esse

103 543 172 597 ante
194 529 364 602 vocalem.
417 530 515 593 Certe
540 549 609 592 non
632 531 744 617 posuit
767 529 823 596 ille
856 551 978 618 neque,
1008 531 1098 620 quod
1124 533 1165 596 ad

105 619 188 684 hune
213 639 315 682 usum
340 637 412 684 non
438 609 623 682 adhibitum
655 615 770 698 video,
799 615 901 682 nisia
927 617 1164 702 nocentioribus

102 703 333 792 scriptoribus.
367 743 370 750 ,

112 895 115 902 -
203 854 316 910 Festus.
359 855 414 922 Nec
436 855 527 925 lagena
551 854 634 909 &aas
660 863 714 920 est,
743 873 797 908 nan
819 857 923 928 legens,
945 870 1026 926 neque
1044 853 1165 909 dilectam

167 942 287 1004 habens,
305 939 475 1009 puisi-facere
492 940 599 1003 deleat,
616 937 710 993 orniem
728 943 829 995 ratione
844 942 928 1011 officii
942 941 991 993 sai.
1025 939 1091 994 Nee
1106 958 1165 992 con·

166 1025 328 1079 iunctionem
342 1024 513 1093 grammatici
524 1027 585 1092 sere
599 1025 688 1079 ilicum
702 1043 756 1079 esee
770 1027 965 1090 disiunctivam,
983 1031 1013 1078 ut
1027 1043 1072 1078 nec
1087 1025 1164 1094 legit,

163 1105 213 1163 'nee
236 1108 346 1162 scribite
377 1124 458 1178 quum
480 1107 504 1160 si
526 1109 681 1178 diligentius
708 1111 884 1181 inspiciatur,
913 1117 945 1162 at
965 1109 1035 1176 jecit
1056 1109 1165 1161 Sinnius

169 1195 283 1263 Capito,
307 1193 425 1261 intelligi
441 1193 524 1262 possit
547 1211 607 1246 eam
627 1196 742 1263 positam
768 1213 821 1248 esse
841 1197 875 1248 al
898 1193 1013 1260 antiquis
1034 1209 1084 1263 pro
1104 1210 1164 1255 non,

167 1286 198 1330 at
212 1284 239 1330 et
256 1277 285 1329 in
305 1276 360 1328 ΧΗ
373 1283 429 1329 ests
448 1284 490 1330 ast
514 1277 539 1329 ci
560 1286 645 1332 castos
660 1297 706 1332 nec
729 1280 808 1334 escit:
838 1281 918 1332 itcmr
944 1278 968 1330 si
987 1277 1084 1329 adorat
1101 1282 1165 1345 snr-

168 1371 211 1426 to,
239 1361 311 1430 quod
335 1378 382 1412 nec
406 1362 576 1430 manij'estam
604 1366 668 1428 erit,
693 1371 718 1417 et
741 1365 813 1433 apud
838 1365 964 1417 Plautum
990 1361 1019 1412 in
1035 1361 1165 1425 Formate,

168 1465 213 1500 nec
225 1453 293 1500 reete
306 1446 331 1498 si
344 1446 385 1497 illi
398 1447 509 1509 diceris,
533 1454 559 1500 et
576 1447 722 1518 'l'arplliunc
743 1449 772 1500 in
794 1449 934 1512 Demetrio,
955 1463 1002 1498 nea
1023 1451 1089 1498 reate
1113 1445 1166 1498 diei

170 1533 252 1594 mitt,
271 1531 341 1599 quad
363 1530 542 1592 iamdudum
561 1532 649 1584 audia-
682 1531 780 1602 virgil.
797 1532 858 1585 net
873 1531 900 1595 il,
912 1529 938 1583 6.
960 1530 1007 1584 lton
1020 1529 1078 1595 illi,
1097 1530 1166 1599 pacti

152 1635 213 1670 ,nec
230 1621 323 1668 vortat
339 1617 417 1678 tene,
433 1616 561 1669 mittimus
580 1615 688 1670 laedes.
724 1617 822 1671 Cicero
842 1616 871 1670 in
890 1614 1001 1686 legibue
1022 1613 1164 1682 antiquum

177 1717 326 1753 sermonem
344 1697 518 1752 imitantibus
534 1699 568 1751 da
583 1701 651 1770 Lag.
668 1701 693 1766 3,
709 1699 737 1768 4,
753 1703 795 1756 11.
811 1702 933 1768 senatori,
951 1700 997 1768 qai
1010 1717 1056 1752 nee
1071 1699 1166 1763 aderit,

121 1791 125 1798 '
177 1793 218 1838 ast
232 1801 331 1838 caussa
352 1793 398 1836 aut
412 1785 489 1854 culpa
512 1793 573 1840 aaa.
607 1785 677 1851 3,3,
697 1784 724 1838 6.
747 1788 925 1856 magistratus
940 1773 1167 1838 nm‘olsdimtsm

139 1861 146 1868 ’
173 1870 321 1922 etnoaiam
346 1869 425 1922 civem
448 1872 533 1924 multa
550 1896 586 1910 ···
604 1879 723 1926 comesto.
767 1869 841 1924 Ciris
864 1869 926 1924 238.
943 1867 1010 1938 quasi
1035 1887 1081 1923 nee
1102 1869 1167 1924 sinit

174 1955 314 2008 Adrastea.
334 1955 510 2021 quaereris
531 1971 583 2009 non
605 1954 755 2025 langueat,
772 1972 824 2008 nec
847 1955 967 2008 absurda
991 1959 1069 2022 sant,
1085 1953 1166 2007 morlo

171 2053 204 2096 ne
227 2038 352 2106 accipias
373 2055 417 2092 nee
444 2053 493 2108 pro
523 2057 555 2092 ne
580 2041 693 2110 quidem.
733 2039 794 2094 Vel.
818 2041 912 2094 Flete·
933 2038 969 2107 8,
990 2035 1052 2094 226.
1075 2039 1166 2109 insipit

174 2128 275 2179 idaliae
290 2141 384 2176 numen
400 2142 446 2176 nec
461 2138 579 2194 spernere
596 2125 681 2178 diuae.

214 2228 306 2280 Plaut.
328 2225 407 2278 nost.
425 2225 452 2290 t,
467 2225 494 2291 t,
509 2225 552 2280 83.
580 2229 722 2296 Chrysalus
744 2226 810 2280 suilli
833 2240 913 2294 usque
932 2243 1034 2296 punam
1054 2226 1168 2304 loquitur

174 2321 314 2374 mareote,
331 2319 416 2379 pater·
434 2310 482 2363 ubi
496 2311 525 2364 in
541 2313 601 2365 cod.
618 2313 732 2382 palatia.
744 2308 912 2380 adscriptum
928 2319 970 2365 cst
982 2329 1042 2366 aen·
1064 2309 1166 2363 Pseud.

173 2394 200 2459 4,
214 2396 242 2460 6,
256 2393 301 2448 23.
319 2413 380 2446 nam
403 2397 497 2464 quanti
510 2401 590 2463 resert
613 2399 647 2452 te'
658 2417 705 2452 nec
725 2407 791 2451 reete
813 2397 906 2450 elicere.
941 2392 1023 2451 Most.
1041 2395 1068 2460 1,
1083 2394 1109 2460 3,
1124 2391 1168 2446 83.

177 2479 252 2535 Asin.
282 2479 308 2544 1,
325 2477 351 2542 3,
365 2477 392 2530 3.
418 2498 463 2534 nea
484 2489 553 2534 recte
570 2500 635 2550 quae
652 2492 682 2537 tu
702 2485 729 2536 in
752 2497 797 2535 nos
818 2482 892 2534 elicis.
925 2481 1010 2534 Poen.
1027 2478 1054 2545 3,
1076 2480 1103 2546 1,
1124 2479 1168 2535 13.

177 2564 241 2623 triv.
257 2563 284 2628 1,
299 2561 344 2628 25,
364 2564 407 2617 10.
425 2565 500 2636 prius
515 2567 617 2634 itaque,
635 2585 712 2635 quam
733 2568 816 2629 alter,
835 2567 879 2634 qui
893 2584 940 2619 nee
959 2566 1049 2635 pracial
1063 2565 1168 2627 aberat,

155 2651 298 2718 ,omnequi
311 2657 410 2718 posset,
429 2656 453 2702 et
469 2650 581 2704 alterurn
597 2651 745 2704 Curiatium
760 2652 872 2716 conficit.
1219 2643 1221 2650 ’

213 2751 330 2806 Terent.
346 2749 449 2804 fleant.
465 2751 491 2814 1,
506 2751 532 2816 2,
551 2753 593 2810 12.
612 2760 641 2805 ut
660 2753 728 2806 isaac
750 2751 883 2806 laetitiam
902 2767 949 2802 nee
970 2746 1093 2818 opinanti
1108 2747 1168 2816 pri·

176 2852 247 2890 mum
268 2836 398 2889 obiicerem
415 2838 440 2888 ei
453 2838 533 2890 dorni.
568 2837 626 2892 cte.
646 2837 680 2889 de
701 2836 763 2891 Not.
779 2835 806 2888 d.
822 2835 847 2901 1,
861 2832 888 2899 3,
905 2833 1063 2888 Maserius
1086 2831 1167 2886 ‹lisci-
1188 2831 1190 2838 '

174 2923 263 2991 plinae
280 2948 316 2959 -
331 2922 505 2989 patrocinium
523 2940 569 2974 nec
587 2924 722 2994 opinatum
746 2940 763 2973 a
780 2921 856 2973 nolis
874 2933 927 2982 esse
946 2925 1097 2986 susceptam.
1132 2914 1167 2968 ai
1199 2941 1202 2946 ·

177 3006 201 3058 1⁴¹
203 3023 257 3058 ⁸¹¹¹·
280 3002 324 3066 15,
347 3001 374 3069 4,
399 3003 442 3058 16.
467 3009 647 3077 praesentibus
675 3005 778 3059 insidiis
798 3022 844 3058 nea
873 3003 1021 3074 opinantem
1051 3000 1167 3053 literani.

179 3089 266 3142 Taso·
281 3085 309 3154 3,
324 3085 369 3153 22,
384 3087 428 3142 52.
455 3093 575 3160 quitum
595 3091 789 3162 aegritudinem
810 3095 910 3142 cessent
929 3083 1062 3151 eumue,
1079 3087 1102 3138 ai
1123 3102 1168 3138 nec

177 3174 281 3242 apiraata
298 3174 362 3242 quial
376 3177 496 3229 commit.
530 3175 590 3230 Lis.
607 3173 634 3242 4,
649 3175 692 3240 27,
708 3173 734 3228 8.
753 3173 801 3226 ubi
817 3173 955 3242 permulta
970 3171 1096 3238 exempla
1112 3171 1169 3223 cot-

179 3258 249 3328 legit
265 3253 514 3330 Drakenborchius.
551 3259 631 3315 Orici.
650 3261 717 3314 Met·
732 3259 760 3324 1,
773 3257 834 3313 224.
860 3265 935 3312 nocte
955 3273 1065 3327 grauem
1080 3273 1168 3308 somno

177 3361 225 3395 nee
240 3344 320 3412 opina
333 3346 441 3412 perdere
456 3354 539 3400 morte
555 3365 596 3400 sne
609 3353 700 3417 porat.

213 3443 404 3524 Iurisconsulti
422 3466 462 3500 res
476 3466 523 3501 nec
540 3451 652 3520 mancipi
668 3446 733 3502 Gaii
746 3447 815 3518 last.
830 3439 915 3510 2,18.
931 3441 1039 3510 leian.
1053 3436 1168 3506 Fragm·

180 3527 223 3590 19,
239 3528 266 3583 8.
285 3547 332 3585 saec
347 3533 515 3598 manifestum
527 3537 635 3602 fartum
655 3533 720 3588 Gaii
739 3535 808 3588 inst.
823 3530 851 3596 3,
866 3527 928 3582 183.
1054 3539 1085 3598 χ
1193 3577 1197 3584 .

214 3631 285 3685 ciria
317 3629 379 3698 269.
425 3637 468 3688 cui
500 3635 600 3700 Parcae
633 3639 745 3691 tribuere
780 3651 827 3690 nec
861 3634 914 3686 ullo
949 3629 1053 3692 uulnere
1090 3621 1169 3678 iaedi.

179 3715 198 3770 i.
216 3735 240 3770 e.
260 3719 341 3775 nullo.
366 3746 368 3755 v

216 3820 344 3886 Hirtius,
360 3821 421 3874 sire
438 3820 487 3891 qai
504 3820 614 3890 scripsit
627 3819 739 3877 Bellum
762 3818 841 3874 alric.
860 3811 1059 3890 etalexandrn
1075 3806 1100 3861 ¹3
1123 3805 1168 3859 5¹¹·

185 3903 257 3973 tegni
273 3912 336 3959 saut
357 3905 481 3969 codices,
506 3907 625 3961 mutarit
645 3895 785 3976 propriam
811 3905 938 3957 tomam.
971 3895 1045 3952 Bell·
1059 3893 1112 3948 air·
1124 3890 1169 3946 66·

166 3991 312 4058 ‘epitritus
333 3992 499 4062 praemissio,
531 4009 611 4061 neque
633 3993 768 4060 opinantes
789 3989 951 4043 incidiatotes
973 3981 1058 4037 solito
1072 4005 1107 4017 -
1121 3977 1171 4032 lcai

185 4084 321 4132 amatura
336 4077 455 4132 amentis.
489 4075 561 4129 Bell.
581 4075 653 4130 alex.
666 4073 711 4130 25.
724 4075 788 4140 tta,
1229 4069 1233 4072 ⁵

163 4191 232 4300 lv..
314 4231 318 4236 ·
863 4195 885 4257 7
