2858 4714
236 237 299 304 oss
605 227 707 298 nnc.
734 221 915 316 ‘nuova

350 399 432 458 orii.
444 387 513 456 Mel.
526 399 631 468 nun.
650 421 718 474 quae
732 421 814 476 neque
834 405 902 460 dant
920 405 1064 474 flammae,
1078 406 1182 477 larque
1204 361 1294 484 lepore

304 493 465 543 coemuntur.

350 605 409 679 Cic.
426 603 461 658 eie
478 603 543 657 niv.
559 601 585 670 2,
600 599 645 668 tu,
662 601 706 656 91.
722 612 749 658 at
762 606 792 658 lei
805 621 851 659 nee
867 605 973 662 totidem
988 623 1072 661 anuos
1086 609 1224 662 oicuunts
1244 625 1293 662 an-

256 745 258 754 ,
304 709 340 746 no
354 692 422 744 eninr
436 689 525 742 Procli
538 672 707 742 uituirmior
718 692 792 756 suits
811 691 969 762 nutumque
988 693 1011 744 is
1025 694 1114 762 fratri
1135 711 1223 747 rerum
1245 711 1294 763 ge-

266 823 277 835 ,
303 783 408 831 etasuns
422 773 512 845 gloria
524 775 664 844 praestitit.
682 773 826 828 Sententia
840 781 895 828 ests
918 775 1027 830 etiamsi
1045 794 1117 846 alano
1129 779 1220 831 iunior
1235 781 1295 830 erat

286 859 436 922 uenatus,
458 856 594 926 praestitit
618 857 699 911 iratri
717 858 809 928 gloria
831 862 957 916 multum.
993 863 1029 916 de
1052 862 1115 916 Fin.
1138 862 1164 929 1,
1187 861 1232 926 14,
1248 859 1294 914 48.

306 961 402 1014 ecquo
417 945 576 1014 intelligitur
590 961 636 996 nec
652 944 880 1013 intemperantiam
894 953 1000 1016 psopter
1015 962 1042 998 se
1055 948 1220 1018 fugiendum
1234 963 1294 1012 esec,

303 1029 555 1178 {np‘qquutiamque
571 1029 751 1100 expetendam.
787 1026 966 1097 Virgil.Aen.
981 1029 1084 1096 11138.
1102 1029 1146 1096 1⁰,
1160 1027 1222 1084 319.
1241 1030 1294 1085 Ge.

350 1227 409 1282 Cic.
426 1228 461 1283 tle
475 1226 562 1282 Amic.
577 1228 621 1293 21,
635 1227 696 1283 lut.
714 1230 761 1283 seri
775 1246 824 1284 nec
839 1231 888 1287 ilia
900 1233 1031 1288 uotiua
1043 1239 1121 1299 eunt,
1139 1233 1294 1299 alanturque

303 1313 392 1385 potius
408 1321 432 1368 ct
447 1321 583 1391 augentur
597 1316 767 1384 cogitatione.
1172 1329 1180 1337 ⁸

352 1431 410 1484 Cic.
425 1433 509 1484 Tunc.
521 1432 547 1496 1,
562 1428 607 1496 29,
622 1430 664 1483 tl.
682 1432 802 1483 Socrates
817 1447 864 1484 nec
877 1437 1019 1502 patronum
1033 1431 1158 1500 quaesiuit
1173 1432 1209 1484 ael
1221 1429 1294 1484 iurii-

307 1515 376 1568 cium
392 1516 504 1586 capitis,
520 1531 566 1568 neo
579 1515 707 1568 iudicibus
720 1516 827 1585 eupplcn
837 1515 897 1583 suit
918 1516 1086 1584 adhibuitque
1106 1516 1216 1568 literam
1233 1531 1295 1565 con·

306 1601 452 1654 tumoeioeu
469 1617 486 1651 o
500 1599 685 1670 magnitudine
699 1599 784 1651 animi
797 1601 915 1654 ductant.
950 1599 1075 1653 Klotains
1095 1598 1119 1653 si
1135 1599 1216 1652 nnius
1238 1597 1296 1651 loci

306 1686 341 1737 de
356 1683 487 1738 Amicitia
508 1682 750 1761 memorrinisaeb
775 1699 829 1736 non
852 1688 981 1754 negasset
1003 1701 1048 1739 nec
1075 1689 1172 1753 etque
1195 1680 1296 1752 opponi

307 1786 396 1841 poseo.
429 1766 479 1820 Sin
501 1785 565 1820 cnm
586 1783 619 1820 eo
637 1783 794 1833 cenescmu,
813 1786 864 1837 per
886 1788 935 1839 que
957 1770 1111 1823 adhaerere
1127 1759 1296 1823 ‘sententiam

307 1873 362 1909 non
374 1851 576 1920 neceesarium,
595 1851 685 1906 omnia
699 1851 741 1905 vis
759 1859 787 1910 et
800 1853 873 1908 ratio
889 1853 1020 1909 amnonis
1035 1852 1116 1923 penit·
1135 1846 1139 1860 '

286 2083 287 2088 ,
326 2023 378 2090 15.
407 2020 584 2110 Neque-
608 2043 716 2110 neque
745 2045 814 2087 nou
834 2021 971 2088 tradunt
996 2018 1204 2111 grammatici
1228 2017 1294 2084 dici

217 2132 305 2202 ·pro
334 2131 440 2196 neque
454 2144 498 2156 —
514 2117 558 2171 ct.
600 2109 709 2194 Atque
732 2129 774 2172 ex
795 2109 855 2189 iis,
880 2109 938 2196 qui
959 2130 1022 2173 uec
1044 2129 1114 2171 nou
1135 2124 1305 2191 usurpare

241 2196 409 2276 solebant,
433 2195 540 2291 Varro
560 2189 647 2260 haud
663 2216 741 2260 raro
760 2215 866 2292 neque
880 2217 950 2258 nou
970 2203 1000 2259 et
1023 2215 1085 2256 uec
1106 2213 1175 2256 arou
1194 2212 1293 2252 com-

240 2283 356 2374 posuit
373 2281 430 2360 ita,
447 2288 482 2344 nt
496 2279 623 2366 seiungi
638 2302 708 2344 non
723 2287 864 2367 possint,
886 2300 994 2363 neque
1008 2276 1206 2343 vocabulum
1224 2296 1294 2338 nou

240 2368 358 2438 referri
374 2366 416 2430 td
431 2363 580 2430 verbum.
615 2364 709 2445 Quae
724 2364 843 2430 similia
858 2363 946 2452 apud
962 2365 1156 2430 Ciceronem
1176 2359 1294 2446 (Epist.

242 2456 283 2532 ad
304 2453 394 2520 Fam.
410 2457 443 2534 3,
462 2456 514 2534 12,
529 2455 560 2514 6.
582 2450 623 2518 ad
646 2453 714 2516 Att.
740 2455 793 2528 10,
810 2454 844 2517 9.
873 2449 969 2540 epist.
990 2448 1106 2530 Coelii)
1129 2441 1296 2534 leguntur,

188 2561 189 2570 ¹
240 2536 517 2619 nonsunthuius
533 2535 676 2623 generis.

356 2677 444 2728 Varro
457 2675 490 2726 eie
504 2675 547 2727 Be
561 2691 585 2726 r.
601 2672 626 2738 1,
645 2672 672 2737 1,
690 2671 716 2725 li.
734 2679 829 2742 quarto
847 2655 1011 2738 (invocabo)
1035 2668 1172 2738 Robigum
1190 2683 1221 2718 ac
1233 2667 1298 2718 ilo-

310 2779 387 2826 rcm,
406 2760 630 2830 quibuspropitiie
645 2775 726 2826 neque
741 2758 834 2827 soligo
850 2761 991 2824 fruniento
1012 2760 1092 2820 atquc
1112 2753 1216 2810 arbores
1239 2767 1298 2808 cora
1403 2802 1408 2806 ,

309 2845 430 2914 quospit,
449 2861 530 2912 neque
543 2861 593 2895 non
606 2843 751 2910 tempestiue
762 2843 868 2908 florent.
900 2838 928 2904 2,
944 2838 971 2902 A,
986 2835 1030 2889 14.
1055 2853 1135 2906 neqm
1155 2844 1249 2888 notun·
1265 2853 1298 2888 eu

237 2943 241 2948 '
281 2957 286 2964 1
311 2931 354 2984 itis
367 2931 489 2996 idoneum
505 2935 558 2992 cst,
577 2943 658 2994 neque
672 2942 725 2977 non
740 2925 813 2994 ipsae
826 2927 896 2990 fiunt
918 2923 1066 2976 amariores.
1100 2919 1128 2987 8,
1142 2918 1186 2988 lt,
1203 2917 1230 2975 8.
1249 2937 1297 2974 ne·

311 3031 361 3084 que
375 3015 449 3085 ipsae
463 3019 525 3066 eunt
539 3011 694 3078 innatantes,
715 3026 761 3063 nee
776 3027 826 3063 uon
843 3013 951 3064 oderunt
966 3009 1068 3060 inertea

270 3209 281 3229 ⁴
330 3189 380 3249 16.
415 3182 525 3248 Poetis
550 3189 583 3246 et
609 3178 800 3244 oratoribus
824 3179 903 3244 licet
934 3142 1296 3240 mutars'oruionem.

186 3269 197 3284 ’
244 3273 358 3355 Quare
373 3279 586 3357 pastaeque,
611 3288 681 3331 non
698 3265 796 3331 altera
815 3263 990 3352 negatione
1011 3260 1139 3348 posita,
1160 3268 1297 3322 senten-

126 3383 129 3390 ·
244 3359 291 3423 tia
313 3355 545 3434 affirmatiqam
577 3351 684 3418 induit
703 3350 873 3416 formam:
905 3347 1006 3412 veluti
1032 3343 1132 3410 ovid.
1159 3343 1296 3408 Heroid.

189 3502 192 3510 .
245 3445 374 3521 1‚105.
401 3439 463 3506 sed
484 3461 588 3526 ueque
612 3437 778 3517 Laertes,
803 3447 840 3500 ut
863 3434 921 3523 qui
942 3433 989 3498 sit
1014 3430 1148 3495 inutilis
1173 3428 1295 3509 armis,

220 3527 224 3542 ⁸
245 3528 396 3612 hostilius
418 3527 456 3591 in
472 3525 596 3590 mediic
612 3545 723 3611 regua
741 3533 856 3586 tenere
870 3518 988 3584 valet:
1019 3515 1219 3581 Telemacho
1238 3537 1298 3578 ue-

245 3617 336 3694 niet,
360 3611 596 3687 circinando,
613 3607 747 3697 sortior
771 3619 881 3672 actas.
924 3608 1032 3689 Atque
1053 3600 1151 3666 huius
1174 3621 1299 3666 anaco-.

244 3689 370 3780 luthiic
385 3700 470 3771 ratio
487 3698 588 3774 modo
605 3695 639 3758 in
664 3692 771 3758 verbis
795 3715 856 3781 per
881 3687 1092 3784 parenthesin
1115 3686 1300 3772 interposi-

245 3789 309 3872 tis,
330 3784 436 3851 modo
454 3786 488 3849 in
507 3779 669 3850 varietatis
686 3778 790 3865 gratia
802 3777 1053 3852 'exeusationem
1077 3769 1214 3837 invenit.

314 3878 317 3894 Ι
361 3903 462 3975 liegii.
477 3904 538 3970 Bel.
555 3901 582 3968 ὃ,
599 3899 660 3954 1⁰2.
679 3899 721 3952 tt·
734 3905 803 3960 certe
820 3915 902 3968 neque
918 3913 992 3958 aanor
1011 3911 1105 3947 canosa
1120 3899 1174 3946 eet:
1195 3892 1237 3945 uia
1259 3907 1302 3944 oss

315 3991 385 4044 nilus
399 3992 523 4044 luerent:
539 3986 625 4056 nescio
638 3985 694 4053 quie
709 3991 807 4038 lencm
822 3985 909 4036 oculus
923 3979 990 4045 milti
998 3979 1121 4046 fascinat
1138 3993 1234 4047 agnos·
1267 3973 1302 4028 lu
1362 3984 1367 3992 ’

317 4073 477 4145 parenthesi
499 4069 661 4140 interposita
677 4071 741 4158 eunt
761 4067 849 4122 uerba
869 4066 912 4124 uix
927 4063 1025 4119 cuitus
1040 4063 1156 4117 merent.
1192 4059 1249 4113 cic.
1265 4057 1303 4110 ele
