2858 4714
613 255 685 358 aa.
1122 299 1177 398 as

110 462 306 530 membrum
332 457 515 549 posteriori
537 469 768 548 opponeretur
787 461 917 528 maiore
942 462 993 542 vi,
1019 483 1177 531 necessa-

110 553 196 618 rium
213 571 288 614 esse
305 571 373 611 ne.-
396 567 458 610 nec
478 545 575 627 niale,
599 547 869 635 quandoquidem
894 551 927 616 in
946 548 1079 638 obliqua
1097 571 1176 616 ora-

110 641 201 703 tione
225 633 377 721 aequalia
395 643 668 719 componuntur,
689 633 788 704 veluti
813 633 901 724 apud
924 635 1040 700 Horat.
1064 636 1175 706 Carm.

111 729 188 805 23,
206 727 263 786 21.
295 719 435 798 divesne
454 717 569 802 prisco
592 731 696 784 autres
726 718 770 784 ab
792 717 923 786 Inaclsc
947 721 1001 786 nit
1023 722 1176 802 interest,

113 833 159 874 aa
171 827 316 895 pauper
329 816 367 870 ‚ct
388 801 512 892 irfima
528 802 688 892 degente
703 804 764 869 sub
782 799 861 872 divo
877 805 1033 872 moreris.
1069 808 1169 894 Equi-

113 897 186 960 dem
202 905 319 956 tamen
338 911 486 957 caussam
509 893 696 978 graviorem
720 891 816 958 video
839 891 873 958 in
899 893 1025 957 diversa
1047 893 1176 982 signifi-

114 981 244 1045 catione
262 976 430 1064 positam,
455 997 518 1062 qua
537 973 697 1053 efficitur,
721 989 758 1041 ut
773 977 873 1042 etiam
890 978 923 1042 in
936 978 1176 1066 iuterrogatio-

113 1065 271 1138 nennius
292 1062 435 1126 membri
453 1061 614 1148 particula
632 1063 682 1127 vel
699 1063 869 1130 adiicietur
884 1063 934 1130 vel
951 1085 1021 1128 uon
1039 1067 1175 1131 adiicia-

113 1166 177 1219 tur.
220 1149 339 1233 ltaque
355 1148 389 1212 in
404 1147 458 1210 ilia
474 1150 719 1234 compositione
742 1149 1050 1215 verborum·mod0
1075 1151 1176 1218 altera

112 1262 188 1328 pars
205 1236 305 1324 prior
322 1232 362 1297 ad
386 1231 641 1299 affirmationem
665 1234 787 1317 flectit,
807 1235 910 1300 modo
936 1236 1038 1302 altera
1060 1248 1196 1326 poete--
1300 1261 1304 1268 ·

115 1327 201 1392 rior:
212 1377 214 1390 .
226 1331 410 1406 utrumque
426 1319 546 1383 indicat
563 1321 724 1408 particula
742 1343 797 1386 ne.

178 1462 181 1466 ·
217 1441 336 1496 Terent.
349 1440 462 1492 Phorm.
479 1437 505 1504 5,
518 1437 545 1504 6,
562 1439 605 1492 12.
624 1442 668 1494 scd
682 1442 738 1494 isac
753 1449 809 1507 est,
828 1459 902 1512 quem
918 1457 1029 1511 puero,
1049 1457 1085 1500 aa
1100 1439 1177 1495 nors?

182 1529 277 1598 ipsust.
300 1525 319 1578 i.
337 1541 360 1577 e.
378 1526 411 1576 ist
427 1525 495 1576 dean
508 1524 608 1578 eichst
636 1526 727 1579 Pluut.
743 1526 843 1580 Pseud.
864 1527 890 1589 1,
902 1525 934 1595 ὅ,
950 1525 994 1579 23.
1016 1525 1113 1592 licetne,
1131 1527 1177 1580 ct·

185 1631 272 1676 scere,
290 1611 395 1674 cicere,
415 1626 451 1661 cu
468 1628 521 1662 aon
536 1607 617 1662 licet?
651 1609 709 1664 cte.
724 1611 758 1664 ud
777 1613 831 1666 stt.
853 1612 896 1678 12,
913 1607 959 1680 24.Δ
977 1627 1089 1680 mucro,
1109 1610 1178 1680 qaod

189 1699 229 1749 tut
242 1713 309 1764 opus
328 1694 514 1758 estimationis,
530 1696 709 1764 permutarine
729 1698 830 1766 possit,
853 1715 889 1749 uu
905 1695 959 1766 ipsi
973 1696 1115 1762 serendam
1132 1695 1178 1748 sit.

156 1787 160 1798 '
191 1777 295 1845 12'24.
320 1779 397 1830 setta
417 1796 458 1830 me
474 1780 608 1832 certiorem
616 1779 723 1846 sacius,
747 1781 777 1833 P.
793 1782 918 1847 Crassus,
941 1765 1076 1846 Venuleius
1091 1780 1177 1848 filiae,

188 1867 272 1918 ciccae
297 1865 327 1916 Ρ.
349 1864 443 1915 Crasso
459 1863 602 1938 eoasuicrs',
617 1855 693 1932 putre
713 1881 775 1929 sno,
795 1873 913 1919 martarus
934 1866 984 1930 sit,
1006 1872 1039 1928 utv
1055 1847 1108 1934 ego
1123 1882 1178 1917 mc·

185 1948 411 2012 misinensem,
430 1965 463 1999 uu
479 1956 542 2016 post.
577 1946 611 1998 dc
627 1946 689 1999 uin.
703 1946 730 2012 2,
745 1946 789 2012 32,
803 1949 862 2005 luc.
891 1951 983 2020 quodsi
1004 1951 1061 2002 dies
1082 1957 1178 2003 actua-

184 2037 235 2089 ‹tns
257 2030 333 2102 snit,
366 2049 457 2086 cunm
488 2033 590 2103 potins,
624 2049 674 2102 quo
706 2039 805 2100 nctus,
836 2053 872 2088 aa
893 2053 968 2102 eum,
999 2053 1048 2106 pua
1075 2035 1179 2106 rapiens

175 2125 335 2188 jactasset.

219 2221 280 2276 Cic.
300 2221 334 2272 de
348 2217 408 2273 Fiu.
425 2217 453 2286 2,
467 2215 512 2284 33,
528 2217 589 2272 101.
613 2219 660 2273 sed
682 2236 732 2285 ea,
757 2233 822 2292 quae
841 2222 912 2288 diei,
929 2221 966 2276 cd
988 2237 1115 2292 corpusne
1136 2236 1178 2272 re-

158 2365 163 2368 ,
179 2307 260 2377 fers?
278 2324 314 2358 aa
329 2313 367 2358 eet
387 2306 503 2374 aliquid,
525 2305 594 2374 quod
609 2311 697 2358 tesan
716 2314 807 2375 sponte
830 2307 961 2361 delecta?
988 2305 1006 2360 i.
1024 2323 1051 2362 c.
1079 2322 1114 2358 au
1136 2307 1179 2357 cst

184 2391 288 2464 potius.
322 2390 349 2455 2,
365 2389 408 2455 19,
423 2387 467 2440 aa.
487 2390 583 2444 satisne
597 2407 662 2458 ergo
675 2391 774 2460 pudori
793 2393 927 2459 consulut,
944 2393 968 2446 ri
983 2393 1040 2460 quis
1059 2392 1115 2453 siae
1139 2398 1178 2443 te-

183 2486 224 2532 ste
239 2475 345 2531 libidini
356 2481 469 2544 porcat,
486 2491 522 2525 an
538 2482 576 2534 est
592 2475 693 2544 aliquid
705 2477 898 2548 perseipsum
908 2475 1101 2548 flagitiosam?
1131 2471 1179 2528 nti

183 2559 318 2632 Bromius
335 2566 362 2613 et
378 2557 557 2614 Goerenziur.
914 2549 924 2559 ”

200 2662 324 2737 usulis
341 2672 389 2726 est
403 2659 524 2741 forms,
539 2662 575 2726 in
592 2682 656 2749 qua
673 2685 798 2728 aenou
813 2662 962 2749 priorem
979 2670 1108 2750 partem
1124 2661 1180 2725 in·

120 2747 354 2838 terrogatiouis
379 2749 577 2813 constituere
603 2745 749 2828 videtur,
781 2747 838 2812 sed
859 2747 1014 2812 'alterann
1067 2745 1131 2818 Sed
1161 2771 1180 2822 a

141 2837 439 2901 commaticisnou
464 2835 542 2898 sutis
566 2845 698 2920 casatum
724 2844 790 2912 est,
815 2855 857 2898 ue
880 2837 989 2921 specie
1015 2830 1180 2898 fallamur.

119 2863 270 2988 irimum
287 2919 384 2984 ‘enim
408 2940 591 3005 numquam
615 2919 736 2988 dicitur
759 2931 873 2984 utram
887 2957 931 2970 -
954 2943 1015 2998 ue,
1036 2941 1118 2983 nam
1134 2955 1178 2982 ῳ-

120 3033 178 3087 ne,
201 3029 251 3072 ιιιι
267 3043 309 3058 -
327 3009 379 3071 ue'.
422 3005 549 3070 Deinde
572 3005 607 3068 in
630 3007 735 3082 altero
760 3005 914 3078 membro
940 3006 1181 3092 interrogatio·-

120 3095 170 3159 nis
193 3116 238 3158 ne
255 3091 391 3156 obvium
410 3101 603 3155 esitantem
620 3092 655 3156 iu
681 3091 799 3156 formis
818 3115 908 3164 anae
924 3104 956 3156 ct
971 3115 1086 3156 necne.
1128 3091 1181 3156 'Dc

120 3203 213 3246 auae
229 3177 302 3244 dixi
316 3177 417 3242 Tem.
434 3183 464 3240 1.
485 3173 611 3264 paco.
633 3177 791 3244 deaceae
808 3200 841 3264 p.
858 3179 934 3242 340.
975 3177 1012 3242 ln
1038 3177 1182 3247 interro-

119 3267 255 3354 gatione
278 3272 367 3346 recta
388 3284 459 3347 nou
481 3263 562 3350 poni
587 3286 691 3337 necne
715 3287 749 3350 p.
768 3265 843 3328 341.
870 3265 1007 3326 monuit
1030 3274 1107 3326 sunt
1125 3273 1179 3336 tae

119 3374 199 3416 men
224 3349 396 3436 exempla,
418 3346 474 3410 scd
498 3371 583 3422 rara.
628 3349 690 3414 Per
712 3373 754 3414 rie
772 3353 807 3414 in
824 3371 928 3422 necne
955 3348 1181 3436 comprehen-
1215 3361 1220 3366 ’

121 3438 212 3501 ditur
236 3445 378 3521 utraque
402 3455 480 3520 pars
504 3433 758 3508 enuntiationis,
793 3456 877 3520 quae
900 3430 971 3506 unu'
989 3448 1059 3516 est,
1091 3433 1182 3522 qrsasi

123 3523 326 3610 cogitemus:
352 3519 437 3583 sitne
452 3541 504 3583 res
522 3530 553 3584 et
569 3543 639 3588 non
659 3523 719 3599 sit,
741 3519 806 3584 hoc
822 3521 983 3586 incertum
1003 3517 1062 3586 est.
1112 3520 1181 3597 Nec

123 3609 248 3672 mirum
264 3605 368 3670 videri
385 3615 519 3690 potest,¹
536 3627 595 3670 cur
616 3606 741 3693 duplex
765 3599 896 3692 negatio
918 3607 952 3672 in
973 3608 1077 3684 necne
1100 3615 1183 3672 con:¹

123 3695 233 3758 iuncta
248 3713 318 3756 non
336 3689 500 3774 affirmet„
534 3691 571 3756 ln
589 3693 696 3778 priori
712 3703 804 3778 parte
819 3715 889 3756 non
914 3693 1082 3792 praecedit
1129 3711 1183 3753 ars

123 3781 224 3845 ticillo
243 3775 495 3863 interrogandi,
518 3787 550 3841 et
575 3779 606 3840 in
631 3779 742 3864 paucis
764 3777 828 3842 iilis
855 3778 958 3850 locis,
982 3772 1037 3862 qui
1060 3713 1184 3854 haiient

125 3879 165 3929 'ne
182 3903 223 3914 -
238 3887 357 3938 necne,
375 3883 445 3926 non
462 3861 695 3934 abundantiam
714 3865 875 3931 sermonis
892 3863 998 3934 video,
1018 3860 1076 3925 sed
1092 3860 1183 3938 iliam
1221 3871 1222 3874 ’

127 3950 270 4028 solutam
288 3949 496 4020 oraticnem,
520 3948 561 4013 de
578 3971 641 4034 qua
666 3973 696 4026 n.
713 3951 745 4023 lt.
763 3971 940 4036 exponam.
983 3945 1070 4010 Nam
1097 3957 1185 4012 recte

129 4045 379 4124 componantur
404 4032 451 4099 ari
465 4067 510 4098 e:-
529 4055 651 4113 necae,
672 4056 739 4110 non
768 4035 838 4111 sine
856 4055 970 4098 caussa
987 4031 1185 4108 (inuitemus.

210 4127 215 4138 ’
241 4137 352 4192 Coraci.
367 4124 454 4208 iphic.
470 4137 498 4204 ὃ,
512 4133 540 4198 4,
559 4138 581 4190 is
602 4155 680 4208 qnare
698 4137 918 4206 interrogaretur,
939 4144 1025 4190 nuum
1039 4137 1121 4206 ρὶιιιίι
1134 4153 1185 4208 pu·
1244 4157 1253 4184 ι
