2830 4712
624 302 731 371 aaut.
936 373 943 392 ,
1040 313 1043 330 ·
1193 309 1215 370 a

146 493 213 562 eat,
255 475 427 544 interdum
454 476 486 540 in
512 474 687 540 accelerata
717 475 868 540 oratione
920 473 1128 540 raemittitur.
1178 475 1214 541 ld

145 567 255 654 etiam
273 565 391 640 Graeci
408 560 567 627 fecerunt.
604 560 679 626 Vid.
695 559 855 626 Matthiae
910 555 1195 648 ramm.p.12i2.

101 743 103 748 ,
271 683 364 738 Piaat.
381 681 464 750 natu.
479 680 506 745 8,
521 678 548 745 4,
565 678 609 738 28.
626 697 691 736 aare
706 681 771 750 quial
787 696 838 750 ega
860 677 933 748 opud
952 685 978 732 ta
993 695 1105 749 parcan
1125 681 1217 750 prate-

221 769 290 837 qni?
308 786 359 838 ega
377 769 454 822 iilam
467 767 543 819 hodie
563 766 728 834 valefacere
752 765 873 819 libertam
895 779 988 817 menn·
1020 762 1121 831 Amph.
1138 764 1217 820 Prot.

222 851 287 906 1⁰4.
305 849 462 906 Mamurius
483 849 577 904 dieere
600 848 703 903 valuit:
723 856 801 918 pater
823 864 901 902 meua
925 845 1032 916 aceepit
1055 849 1217 904 alomonam

225 939 300 990 olam
317 935 379 990 vira
393 952 503 990 amaror
521 949 586 988 nam
599 932 681 986 oredo
697 949 746 987 vos
759 931 885 998 novisse,
901 938 933 986 ut
948 931 999 986 ille
1015 931 1066 1000 ait,
1088 941 1117 988 et
1133 952 1218 1004 qnam
1268 963 1270 970 ·

225 1023 302 1076 liber
318 1023 419 1076 harum
434 1036 535 1072 rernm.
570 1017 626 1072 Sed
640 1016 726 1072 dixita
745 1036 808 1072 aum
830 1036 881 1090 ego
895 1035 940 1071 aas
962 1018 1059 1072 muisis
1077 1021 1169 1086 mado,
1187 1029 1218 1076 at

184 1131 187 1136 ·
221 1110 259 1162 eit
277 1115 360 1178 poter
372 1122 453 1168 mens,
469 1121 547 1172 quoae
562 1103 625 1156 utar
640 1103 736 1156 iorum
749 1120 837 1156 reram
850 1104 995 1157 multuman
1008 1104 1073 1169 aiat,
1090 1113 1219 1175 Μω-

227 1211 278 1262 que
300 1199 404 1245 amator
426 1191 477 1253 sit,
495 1188 565 1256 qnod
579 1188 762 1258 amalecitam
786 1195 825 1244 etl
840 1189 927 1243 nauel
961 1189 988 1242 le
1010 1205 1103 1244 unua·
1122 1189 1219 1261 corpu

225 1279 401 1332 Auamma:
416 1275 485 1328 alam
498 1274 563 1328 niro.
1113 1293 1116 1300 ·

188 1441 194 1447 .
242 1397 272 1457 ὃ.
294 1389 541 1475 comprobatio
556 1387 594 1452 fit
615 1383 777 1474 exemplis
803 1385 946 1454 adiectis.
989 1387 1081 1456 'ram
1102 1381 1218 1456 exem-

161 1474 254 1562 plum
274 1475 593 1563 pernamadditur.
677 1487 680 1493 '

262 1592 380 1662 Quintil.
395 1591 428 1660 8,
446 1591 478 1661 6,
497 1591 540 1647 38.
565 1607 641 1662 quem
661 1595 766 1660 trapam
786 1590 877 1660 nagia
892 1593 1061 1658 alimur,
1078 1598 1110 1646 nt
1129 1591 1221 1648 taum

236 1680 381 1743 videamur,
399 1696 477 1748 quam
493 1679 546 1730 uilo
561 1677 592 1730 iu
609 1676 664 1728 laen
681 1676 866 1729 desideramus.
903 1677 973 1730 Nam
987 1677 1016 1730 id
1030 1677 1085 1730 eiua
1092 1681 1221 1746 Μικκ-

237 1765 357 1816 tissimum
371 1763 515 1828 exemptam
530 1767 585 1812 asts
601 1777 675 1822 anae,
693 1766 780 1824 saara,
797 1759 862 1814 dieo.
891 1759 935 1827 1⁰,
956 1761 981 1828 l,
998 1759 1042 1814 28.
1063 1761 1221 1830 quinetiam

235 1851 333 1901 easdam
350 1858 458 1900 saumas
475 1851 504 1896 ut
522 1842 626 1911 qouque
639 1841 738 1912 egerit,
756 1845 820 1898 atila
833 1846 883 1899 erit
906 1846 980 1900 seire.
1014 1847 1085 1900 Nam
1099 1847 1133 1900 de
1147 1847 1222 1900 dama

234 1935 322 1986 Cicera
338 1932 407 1985 citata
423 1934 476 1981 eto.
510 1925 637 1993 Propera.
658 1925 803 1993 3‚1,2u.
831 1930 921 1984 amaia
940 1938 998 1998 post
1022 1931 1116 1981 alitum
1132 1928 1222 1998 flagil

231 2017 336 2070 maiora
365 2020 485 2068 vetustus.
516 2037 551 2050 ·-·
583 2009 653 2066 Nam
676 2012 733 2081 qais
763 2028 828 2080 equo
851 2012 942 2082 auleas
971 2013 1084 2084 abiegna
1106 2019 1221 2066 maeret

131 2109 133 2116 ’
231 2099 325 2153 moes?
419 2109 421 2114 '

248 2214 305 2280 ΙΙΙ.
329 2220 361 2280 1.
385 2210 624 2278 Affirmationia
643 2213 709 2277 vim
726 2209 887 2299 particula
903 2211 1005 2278 habet
1016 2213 1052 2286 in
1071 2212 1110 2278 iis
1126 2211 1221 2294 locis,

165 2299 335 2388 inquibus
361 2297 568 2384 grammatici
590 2296 702 2362 dieunt
726 2297 904 2362 transitum
925 2295 997 2364 fieri
1020 2298 1061 2364 ad
1087 2309 1222 2364 contra·

165 2388 215 2454 ria
230 2398 283 2452 aut
301 2407 404 2464 nova,
428 2382 570 2468 ideoque
591 2404 675 2446 nam
690 2396 754 2471 pro
779 2393 894 2448 autem
916 2393 951 2447 et
974 2407 1051 2450 uera
1073 2386 1221 2474 positum

165 2484 296 2562 putant.
352 2469 544 2556 ¹[inponitur
573 2468 661 2532 enim
693 2491 746 2533 res
770 2465 990 2547 affirmando,
1028 2479 1062 2536 et
1087 2470 1222 2557 quidem

161 2558 289 2646 duplici
315 2558 453 2622 ratione.
494 2553 646 2618 Procedit
661 2554 750 2619 euim
772 2555 816 2633 is,
840 2556 898 2654 qui
918 2555 965 2619 ita
986 2554 1156 2644 loquitur,
1180 2553 1227 2640 adl

161 2667 259 2718 rem,
283 2663 384 2729 quae,
408 2660 511 2728 quum
534 2640 810 2724 acquiescendum
827 2641 976 2705 videatur
1000 2641 1033 2706 in
1058 2650 1152 2706 antea
1168 2641 1222 2704 di-

162 2731 248 2802 etis.
271 2737 328 2792 aut
350 2729 386 2794 in
403 2749 439 2790 se
457 2725 533 2791 satis
551 2735 682 2790 constat
702 2735 736 2789 ot
760 2744 821 2810 per
842 2747 877 2790 se
895 2724 1106 2811 intelligitur,
1129 2725 1224 2790 ideo-

132 2849 136 2859 ι
163 2837 232 2904 qne
256 2815 361 2902 magis
389 2809 443 2878 vel
462 2812 538 2876 satis
551 2819 631 2876 nota
648 2822 775 2876 certare
792 2819 859 2892 eet,
882 2820 938 2874 aut
952 2809 1142 2897 nonmagis
1159 2824 1222 2877 nee

86 2913 89 2922 '
155 2899 347 2986 aequaliter
362 2908 412 2964 est
426 2895 661 2962 consideranda
677 2917 777 2984 quam
794 2919 842 2978 ea,
861 2917 948 2984 quae
962 2907 1038 2963 ante
1054 2907 1133 2961 aunt
1149 2917 1223 2961 me-

164 2995 308 3052 morata.
351 2984 400 3049 lta
418 2982 475 3058 fit,
496 2992 534 3048 ut
549 2984 659 3048 oratio
676 2994 734 3048 aut
755 2981 953 3049 adscendere
971 2993 1026 3048 aut
1044 2982 1224 3048 desdende·

165 3094 204 3138 re
228 3071 389 3138 rideatur.
442 3067 481 3133 in
509 3067 573 3133 iliis
598 3066 802 3134 affirmantes
837 3070 1019 3157 cogitamus
1044 3090 1114 3132 non
1139 3089 1224 3155 opus

168 3179 240 3223 esse
259 3154 565 3230 demonstratione,
587 3155 621 3220 in
636 3153 689 3218 his
704 3155 813 3220 omitti
830 3175 929 3244 posse
946 3153 997 3219 vel
1016 3153 1134 3219 debere
1150 3175 1225 3220 rem

166 3242 302 3308 aliunde
317 3240 497 3329 cognitam.
540 3237 594 3304 Cf.
613 3239 769 3315 Matthiae
788 3239 829 3306 ad
846 3241 915 3306 uia.
931 3239 1224 3327 p.Dai0r.1u‚34.

164 3329 240 3395 Nos
271 3327 434 3393 Germani
464 3328 671 3412 assequimur
698 3325 784 3392 hana
815 3324 882 3393 vim
911 3326 1089 3414 paniculae
1118 3325 1225 3391 verbis

155 3413 324 3508 sreilieh,
345 3409 550 3499 ailardiage.
596 3411 661 3478 Sed
684 3415 750 3478 ianr
765 3410 951 3478 Priaiianus
974 3434 1009 3500 p.
1027 3417 1121 3477 1170.
1142 3434 1228 3476 nam

165 3511 323 3568 numerat
346 3498 383 3570 in
404 3496 575 3586 particulis
601 3497 849 3564 oonfirmativie.
899 3498 1005 3586 Saepe
1027 3499 1124 3564 etiam
1174 3520 1227 3560 ra·

168 3589 247 3652 rior
261 3597 313 3652 est
326 3584 386 3662 via,
405 3595 445 3648 ut
462 3583 683 3670 intelligamus
698 3607 736 3650 re
748 3606 845 3664 ¹susara,
860 3581 1033 3671 proseuta:
1057 3521 1242 3664 interium,

168 3671 297 3738 aooedit
326 3671 456 3749 ironia,
494 3691 557 3755 qua
581 3668 721 3736 inferior
745 3693 797 3734 res
825 3669 1004 3736 attollitura
1038 3667 1094 3732 ubi
1118 3665 1227 3735 Latini

168 3757 289 3824 dieunt
310 3755 462 3831 seilicet,
490 3753 666 3821 nimirum.
721 3757 897 3844 Zumptius
932 3763 1104 3842 comparat
1128 3773 1227 3842 grae-

168 3865 252 3910 eum
269 3837 345 3908 inu
360 3836 430 3926 γάρ.
793 3875 807 3908 a

288 3957 733 4032 datanag„2‚11‚28.aeao
746 3977 825 4024 uara,
841 3959 910 4028 quod
929 3957 1018 4023 Mure,
1040 3957 1144 4020 Pietas,
1167 3953 1228 4006 Vir-

243 4052 302 4112 tus,
322 4035 400 4100 Fides
422 4053 584 4100 amaretur
603 4063 701 4100 masena
724 4061 836 4115 quarum
857 4035 971 4098 amatam
991 4042 1090 4096 Romae
1107 4037 1229 4094 dodisma

243 4127 344 4198 uuluae
359 4133 458 4204 tempta
473 4118 596 4187 amatas
610 4132 658 4186 illo
671 4131 716 4201 qai
730 4131 844 4185 tameat
862 4153 897 4169 —
913 4128 972 4184 deor
993 4127 1065 4198 ipsas
1084 4125 1112 4179 ia
1133 4122 1228 4178 animia
