2830 4712
521 245 522 250 ‘
565 243 636 314 ur.
972 335 976 344 .
1089 241 1132 310 u

93 443 175 490 neue.
203 419 308 508 cupio
328 441 399 483 uon
411 412 519 506 fleri,
546 439 591 484 ne
613 416 767 499 eveniat,
800 413 922 483 dicitur
941 416 1068 496 timeo,
1095 429 1132 484 ut

92 507 261 586 sustineas,
292 503 416 580 timeo,
439 516 483 570 ne
506 503 652 570 ereaiat.
696 505 854 584 Quorum
874 501 1056 569 verborum
1077 526 1133 569 ru·

92 597 128 658 tio
150 592 361 681 grammatice
385 600 451 656 est:
475 600 512 653 ut
534 589 724 668 sustineas,
748 588 788 654 id
806 599 875 670 ert,
904 587 995 678 quod
1015 590 1132 658 timeo.

93 681 137 744 iiis
150 677 264 752 similia
289 676 372 741 haee
392 684 470 740 suut
488 674 617 742 Tibull.
642 678 673 755 4,
695 681 746 753 10,
765 681 793 742 1.
814 686 961 762 gratum
983 687 1053 755 ert,
1075 701 1132 744 ue-

94 788 172 829 crruu
193 763 338 828 multum
361 759 451 850 quad
477 744 552 825 iaie
571 759 636 826 tihi
655 761 697 826 de
716 778 774 826 ¹me
792 762 995 848 promittis,
1018 761 1131 830 subita

95 875 125 916 ue
137 849 219 916 male
234 848 357 936 inepta
373 845 510 920 curiana
527 845 561 910 h.
577 869 607 912 e.
623 845 699 914 sore
714 869 756 912 ne
772 847 859 912 mule
877 846 990 936 inepta
1006 849 1133 936 cadum,

97 949 132 1000 ert
147 939 263 1022 dequo
280 955 415 999 securus
439 955 484 998 ee.
528 933 736 1006 Contrarium
754 935 951 1000 sententium
967 935 1008 1000 ud
1026 935 1132 1001 timo·

95 1045 149 1086 rem
164 1021 264 1101 refer,
286 1031 318 1086 et
336 1019 486 1084 habebirz
511 1019 632 1084 vereris
655 1041 697 1084 ue
720 1020 833 1107 inepta
858 1020 983 1086 catium.
1001 1018 1022 1086 i.
1039 1044 1067 1086 e.
1088 1043 1131 1088 ne

95 1107 184 1194 inepta
199 1107 314 1171 carlum
333 1117 394 1184 est,
420 1104 510 1192 quod
532 1115 625 1193 putus
649 1128 718 1170 non
745 1104 817 1172 fieri
844 1129 952 1194 posse.
994 1105 1129 1173 Nihilo-

95 1194 183 1258 minus
200 1189 340 1258 redeunt
355 1191 462 1255 Latini
482 1189 523 1254 ud
544 1191 719 1278 propriam
739 1191 862 1257 horum
878 1193 1058 1258 verborum
1074 1216 1133 1258 ru-

95 1279 216 1361 tionem,
238 1300 304 1366 qua
328 1277 459 1343 additur
473 1278 673 1342 accusativus
690 1299 765 1342 cum
784 1276 966 1343 infinitivo:
990 1279 1039 1344 uti
1060 1280 1129 1345 Cio.

97 1365 127 1429 ie
140 1367 208 1452 Leg.
225 1369 256 1442 2,
273 1365 329 1446 22,
346 1367 379 1431 5.
404 1361 495 1450 quod
512 1362 609 1427 ituud
630 1363 701 1427 ecio
718 1387 764 1427 aa
780 1364 904 1428 timere
920 1386 981 1427 uuo
994 1367 1133 1450 corpori

93 1471 172 1536 paese
187 1449 358 1516 accidere.
401 1449 469 1515 Liv.
488 1454 520 1530 8,
540 1453 594 1531 22,
614 1454 645 1514 2.
667 1449 783 1537 iprum
808 1448 984 1514 colonium
1006 1451 1131 1540 ingene

96 1548 182 1602 metue
197 1547 271 1604 erat
286 1534 513 1626 defecturum.

167 1656 259 1722 liuius
283 1677 364 1721 vero
392 1655 519 1743 generis
544 1663 622 1716 eunt
646 1675 715 1720 non
744 1653 850 1721 modo
876 1656 989 1722 omniu
1018 1655 1130 1732 verbu,

106 1761 174 1826 quae
186 1755 298 1807 metam
317 1752 352 1806 et
367 1743 523 1808 timorem
545 1737 748 1826 significant.
775 1741 948 1808 sedetiam
967 1765 1023 1822 eu,
1046 1765 1130 1830 quae

103 1826 328 1894 sollicitudinem
345 1838 377 1893 et
391 1848 503 1891 eurum
529 1835 562 1890 et
580 1823 795 1892 diffidentiam
813 1829 978 1907 indicunt,
1001 1838 1034 1894 et
1054 1850 1130 1894 ver·

99 1911 163 1980 bum
183 1925 324 1995 terrere,
359 1913 446 2000 quod
470 1913 589 1978 dicitur
609 1935 672 2000 pro
698 1912 838 1980 iniicere
866 1916 1037 1982 timorem.
1087 1915 1131 1980 Et

96 1997 190 2062 dieunt
209 1999 276 2066 hou
300 2001 407 2066 modo
433 1999 532 2064 etiem
552 1997 744 2086 periculum
766 2012 816 2066 eut
846 2001 994 2068 subiecta
1021 2011 1130 2066 metue

93 2088 220 2152 notione.
941 2115 945 2124 ·
1121 2103 1124 2112 ¹

178 2208 233 2260 cie.
247 2205 282 2261 ud
301 2205 382 2258 Fam.
396 2201 423 2268 6,
436 2197 481 2269 22,
496 2203 523 2258 2.
546 2205 668 2258 timebam
690 2205 778 2268 enim,
797 2221 829 2258 ne
852 2205 983 2260 euenirent
996 2221 1045 2274 ea,
1063 2225 1130 2278 quae
1181 2233 1184 2240 ·

148 2295 301 2346 aeciderunt.
335 2309 361 2359 p.
378 2287 563 2358 Mil.21‚57.
580 2292 708 2344 metuebat
728 2291 841 2354 seilicet,
857 2309 890 2345 ue
911 2293 1065 2347 iudicarent.
1096 2292 1131 2346 da

147 2373 209 2446 Leg.
226 2377 252 2442 1,
264 2376 294 2441 4,
312 2375 354 2430 12.
362 2366 419 2429 'red
431 2393 538 2438 uerear,
555 2392 603 2439 ue,
621 2375 684 2428 dum
701 2377 818 2428 minuere
836 2378 913 2431 uelim
929 2378 1058 2442 tutorem,
1080 2397 1131 2432 au-

151 2480 236 2530 geam.
270 2462 314 2516 cf.
330 2455 437 2513 Marini.
451 2459 486 2514 ud
503 2460 560 2513 cic.
577 2460 612 2513 ad
630 2461 709 2512 Fam.
725 2461 752 2524 l,
767 2461 793 2512 2.
811 2460 873 2513 Liu
883 2459 927 2526 34,
944 2459 972 2527 4,
987 2462 1013 2516 3.
1028 2482 1060 2517 ea
1070 2465 1131 2534 plur

146 2547 249 2611 terrea,
267 2564 301 2599 ue
314 2547 377 2599 iliae
392 2546 481 2615 magii
498 2563 539 2599 ree
553 2563 601 2598 aar
614 2541 742 2614 reperivit,
760 2563 840 2614 quam
850 2564 895 2598 uer
910 2547 981 2600 iliae.
1016 2546 1131 2604 Terent.

145 2631 222 2684 Anile.
235 2631 264 2696 2,
276 2631 303 2696 2,
316 2629 359 2685 12.
377 2632 406 2684 id
417 2648 514 2701 paves,
533 2631 660 2682 reducar
673 2637 701 2682 tu
716 2631 809 2694 ittam,
828 2637 859 2682 tu
874 2638 978 2697 autem,
996 2640 1025 2684 ut
1038 2635 1129 2687 ducar.

148 2715 201 2770 hir.
215 2715 259 2782 42,
275 2717 319 2783 66,
335 2717 361 2770 3.
380 2734 462 2787 pauor
482 2717 561 2770 etium
583 2722 658 2779 erat,
677 2731 710 2766 ue
728 2702 853 2783 ertempla
871 2723 959 2768 cartre
977 2717 1060 2770 ieartie
1080 2718 1129 2770 ut-

149 2803 304 2869 graderetur.
337 2799 382 2867 24,
398 2799 443 2868 42,
458 2799 484 2852 2.
507 2798 587 2854 oete.
608 2799 677 2854 Met.
693 2797 719 2864 i,
738 2795 799 2852 tlt.
816 2817 867 2854 erre
882 2807 964 2854 metue
986 2801 1077 2869 caepit,
1099 2817 1131 2854 m
1246 2803 1249 2808 '

148 2885 203 2938 iura
222 2887 328 2956 iugalia
349 2887 441 2940 eeaiua
461 2903 514 2938 aaa
529 2886 588 2940 terre
613 2893 745 2939 seruasset.
780 2883 892 2939 Sueten.
906 2885 978 2956 Aug.
995 2883 1039 2940 94.
1059 2893 1130 2941 metu

148 2987 176 3020 ue
191 2971 301 3040 pudere,
317 2989 350 3026 ne
365 2973 450 3025 ru'iuur
467 2971 636 3024 inueniretur.
1178 2980 1184 2990 ⁴

179 3072 232 3126 Cic.
245 3074 279 3126 ud
294 3076 375 3129 Fam.
389 3074 415 3140 2,
430 3073 456 3141 6,
471 3073 498 3128 1.
519 3072 679 3144 magnitude
694 3073 734 3128 rei
748 3073 833 3142 feeit,
852 3081 881 3131 ut
902 3090 952 3126 aaa
973 3089 1130 3139 vereremur,

152 3174 181 3210 ue
191 3160 270 3213 nimie
281 3161 331 3214 citii
347 3162 485 3237 mitterem·
746 3173 748 3180 ’

180 3261 282 3316 Bulbur
302 3262 332 3316 in
344 3249 405 3316 'cia
426 3263 461 3326 ad
477 3263 533 3316 Att.
548 3261 574 3328 9,
589 3259 633 3320 16.
650 3262 777 3332 quomado
795 3279 836 3314 ure
856 3268 954 3331 putas,
975 3261 1013 3314 mi
1029 3261 1128 3326 Cicera,

152 3350 275 3416 torqueri,
294 3355 435 3420 partarum
448 3363 539 3402 rurrue
552 3348 581 3399 iu
597 3363 668 3415 rpem
682 3346 757 3414 paeir
770 3347 830 3398 ueni
838 3383 845 3410 ,
862 3363 894 3398 ne
913 3364 966 3415 qua
984 3363 1025 3399 rer
1040 3363 1128 3398 earum

150 3433 346 3500 umpoeetuaem
362 3431 507 3503 impediat?
540 3448 566 3499 p.
580 3431 654 3484 Mur.
670 3431 713 3496 41,
730 3429 773 3484 88.
790 3448 859 3484 uuae
881 3431 1014 3484 cruciatur
1029 3439 1056 3486 et
1077 3433 1129 3483 rol·
1151 3477 1154 3482 .

149 3512 216 3567 licita
231 3525 284 3584 ert,
302 3537 334 3572 ree
356 3519 473 3571 eumdem
484 3518 575 3586 paullo
589 3525 650 3585 part
672 3518 813 3587 spoliatum
827 3517 897 3569 omui
916 3517 1051 3586 dignitate
1067 3534 1130 3568 eua-

149 3600 244 3666 upieiut.
279 3601 361 3656 ovid.
384 3602 476 3655 Amor.
497 3599 523 3665 2,
537 3599 564 3666 6,
579 3600 622 3654 66.
650 3610 769 3671 torquear
789 3602 897 3668 infelix,
925 3618 960 3654 ue
982 3609 1038 3654 tam
1063 3602 1129 3652 iona

151 3687 262 3739 rumenti
276 3689 353 3740 alter·
388 3685 448 3740 Liv.
470 3683 514 3750 25,
536 3685 579 3751 32,
604 3676 630 3759 6.
659 3689 708 3740 illa
728 3689 845 3740 restatur
867 3704 947 3752 eura,
964 3704 996 3738 ae
1011 3714 1046 3724 -
1063 3687 1129 3737 alter

150 3767 296 3826 Hasdrubal
306 3779 331 3825 et
346 3771 430 3844 Maga
457 3799 486 3810 ·-
509 3772 604 3826 bellum
627 3774 797 3826 extraherent.
832 3769 924 3824 Tacit.
946 3769 1020 3844 Hirt.
1041 3768 1068 3834 ²,
1083 3767 1127 3822 ²3.

149 3853 245 3920 diffisus
254 3857 388 3926 paucitate
405 3856 559 3921 cohortium,
583 3873 615 3910 ree
630 3857 734 3928 longiae
755 3859 884 3911 absidiam
900 3865 926 3910 et
947 3856 1001 3908 uim
1021 3873 1130 3924 germa-

147 3937 195 3990 uiei
207 3943 329 3996 uereitue
340 3959 438 4009 parum
454 3941 605 3994 tolerarent.

178 4021 273 4079 Horat.
288 4025 381 4083 curm.
399 4025 424 4089 1,
440 4016 509 4089 2,6.
527 4026 618 4079 terruit
637 4026 742 4096 geritis,
760 4043 847 4096 graue
864 4041 899 4078 ue
919 4025 1015 4079 rediret
1037 4041 1129 4078 eaeru-

148 4103 197 4160 lura
218 4109 343 4180 Pyrrhae.
375 4109 468 4202 Plau&
492 4109 594 4165 Pseud.
617 4109 691 4177 1,3,
713 4107 759 4166 ⁶5.
778 4129 830 4164 aare
851 4111 999 4181 perieulum
1021 4119 1072 4177 ert,
1097 4127 1128 4162 ue
