2858 4714
480 267 580 343 nac.
619 265 805 372 :nuova
1103 273 1165 338 aas

171 449 247 495 tento
265 441 363 511 motin,
383 437 446 490 certi
461 437 523 506 quill
536 444 612 502 erret,
629 438 760 507 aptanti
776 443 887 507 peurel.
904 435 923 489 i·
939 453 963 490 n.
981 439 1048 494 olene
1062 443 1167 510 ‹lafi-

170 529 284 580 erlrunat
298 524 399 577 werden
412 523 513 576 tama.

209 628 279 681 Sunt
301 625 467 695 scriptores,
486 624 533 693 qni
550 643 646 695 aeque,
665 631 697 678 nt
719 623 844 690 vidntur,
861 625 908 677 ,ob
931 623 1072 692 voculam,
1092 643 1163 697 qnne

171 711 321 780 seqnitur,
338 728 441 779 ponere
456 709 598 776 solebant,
616 709 700 764 etiem
717 711 764 764 ubi
781 707 894 780 gravior
918 715 977 763 erut
998 727 1093 764 rernm
1117 729 1167 780 np-

172 795 293 864 positio:
320 796 349 850 in
368 795 467 864 quibus
484 801 526 849 eet
543 807 640 850 unctor
657 797 706 849 ille
724 796 757 848 de
773 795 831 848 vite
846 795 944 850 excell.
966 795 1095 868 imperet.
1118 796 1167 852 l'l·

173 881 214 934 rte
230 874 358 950 exenipla
372 895 389 936 e
404 880 518 935 Bromio
533 881 568 936 ed
587 883 671 954 Ager.
686 880 752 948 1,t.
770 871 895 934 callente.
911 943 915 952 Ι

193 1037 246 1099 18.
269 1031 343 1100 Neo
359 1056 424 1121 pro
440 1034 586 1100 necdum
601 1033 665 1102 dioi
680 1034 781 1100 critici
800 1034 1029 1099 demonstrant
1050 1057 1168 1102 exem-

108 1116 163 1203 plo
186 1120 320 1206 Virgilii
335 1123 417 1184 Aen.
435 1126 486 1200 11,
504 1125 578 1188 381.
598 1143 684 1210 quoe
708 1119 830 1202 (verbu)
852 1131 926 1184 raro
948 1119 1012 1186 tibi
1033 1143 1169 1210 magau

109 1203 246 1278 rolant,
278 1201 363 1268 dum
385 1202 528 1270 distinet
558 1207 688 1270 laertem
717 1223 831 1294 agger
864 1227 1077 1288 moerorum,
1106 1229 1169 1272 aee
1246 1244 1250 1262 ι

110 1286 285 1354 ἱιιιιιιάαηι
311 1288 484 1376 sangnine
504 1287 638 1379 fossae.
698 1293 740 1357 Aa
775 1290 957 1376 praemisso
987 1291 1070 1354 clam
1098 1314 1169 1358 non

112 1394 197 1457 opus
214 1383 265 1438 est.
285 1374 506 1461 intelligamus
527 1377 561 1440 in
588 1377 688 1442 altera
712 1387 806 1462 parte
829 1374 1064 1442 enuntiationis
1088 1399 1170 1444 nee·

114 1456 205 1524 dum.
249 1459 337 1524 Satis
354 1471 403 1524 est
417 1456 563 1550 simplex
582 1462 724 1550 negatio.

197 1599 249 1663 14.
279 1599 456 1668 Adscendit
479 1601 586 1668 oratio
602 1624 665 1689 per
687 1624 749 1668 nec
771 1599 811 1665 ad
843 1599 894 1676 id,
924 1597 1015 1688 quod
1040 1601 1170 1688 gravius
1197 1633 1203 1644 ¹

124 1693 176 1744 aut
199 1686 303 1751 maius
328 1696 395 1768 est,
425 1687 482 1752 ubi
508 1709 571 1754 nos
595 1686 753 1775 ambiguo
778 1687 879 1754 verbo
902 1677 1052 1752 ‘dicimus
1082 1688 1171 1753 anob

124 1767 223 1856 uiolet.
827 1847 830 1854 ¹

219 1871 276 1943 ci'a
290 1891 376 1944 Aendss
389 1891 416 1958 2,
431 1889 475 1960 41,
490 1892 550 1948 1311.
569 1893 706 1963 sapiensne
721 1911 773 1947 aaa
789 1892 899 1946 timent?
914 1909 963 1944 aee
976 1893 1000 1945 αι’
1018 1894 1111 1970 patria
1123 1893 1170 1948 ule·

182 1974 290 2030 tentor?
307 1981 476 2045 madalene,
492 1997 538 2033 nee
557 1977 579 2032 ai
594 1980 680 2032 deleta
696 1979 738 2033 sit.
773 1977 822 2032 nbi
839 1975 1016 2067 Goerenziuq.

201 2131 254 2193 15.
278 2125 418 2196 Gravior
432 2153 538 2219 quum
560 2133 680 2196 inesset
695 2131 729 2195 in
745 2153 807 2198 aea
822 2139 966 2218 potestas
983 2152 1085 2219 eaque
1101 2130 1181 2196 dif-.
1292 2171 1296 2180 ·

117 2210 219 2276 ferret
238 2213 279 2282 ab
297 2215 398 2281 ultera
416 2215 526 2282 formu
546 2239 672 2305 raeque,
693 2215 765 2282 lieri
792 2227 940 2303 poterat,
963 2226 1000 2280 ut
1023 2239 1085 2282 nec
1106 2239 1170 2306 pro

118 2321 157 2362 ne
170 2299 369 2386 -quidem
385 2305 466 2388 poni
491 2302 663 2368 videretur.
706 2301 741 2366 ld
769 2323 873 2388 quum
895 2301 1107 2366 Burmannus
1131 2303 1172 2368 nd

119 2384 254 2450 Sueten.
270 2387 352 2476 Aug.
369 2391 421 2455 35.
445 2389 577 2454 Cortiue
600 2387 642 2452 nd
668 2387 800 2452 Sallust.
826 2385 896 2474 lug.
911 2393 964 2467 81,
980 2395 1011 2452 8.
1036 2387 1174 2452 Ouden⁴

119 2469 254 2556 dorpins
273 2471 313 2536 ad
331 2474 422 2540 Caes.
437 2475 520 2540 Bell.
530 2473 591 2539 oiv.
610 2479 642 2553 8,
659 2477 711 2559 28,
736 2473 886 2538 Bromius
905 2474 946 2538 ed
962 2475 1031 2538 Cio.
1048 2473 1173 2539 defin.
1202 2477 1205 2484 ’

120 2561 149 2633 1,
166 2563 217 2622 11.
239 2556 485 2643 observassent,
507 2559 719 2647 pertinqeiter
735 2561 866 2643 negavit
884 2557 1029 2624 Wolllue
1044 2570 1094 2632 et,
1117 2558 1174 2645 qui

120 2661 194 2704 enm
220 2644 462 2730 sequebantur,
484 2646 550 2712 olii.
592 2646 642 2711 lle
662 2665 724 2710 usn
749 2647 954 2731 scriptorum
980 2645 1174 2730 posterioris

121 2727 232 2792 aetatis
252 2729 343 2796 nulla
363 2741 411 2795 eet
431 2729 610 2812 dubitatio,
633 2751 834 2817 quemquam
850 2729 938 2816 apud
963 2751 1018 2794 eos
1044 2751 1176 2816 quoque

123 2833 292 2878 caveamus
311 2839 441 2882 necesse
456 2827 521 2898 est,
543 2839 585 2882 ne
605 2815 756 2904 exempla
776 2825 832 2880 aut
847 2814 928 2880 falsa
944 2826 1000 2880 aut.
1017 2815 1080 2881 alio
1096 2837 1176 2880 rno-

124 2897 165 2962 do
182 2900 377 2984 explicanda
395 2901 461 2967 hue
480 2901 703 2968 conferamus.
728 2895 828 2966 'Nam
855 2901 877 2966 ii
894 2901 978 2980 looi,
997 2902 1031 2966 in
1056 2902 1175 2988 quibus

125 3005 183 3048 aea
198 2985 238 3049 ab
256 2985 351 3052 initio
367 2989 546 3053 sententiae
563 2989 709 3076 positum
736 2985 854 3052 fortius
872 2998 967 3074 negat
991 3009 1090 3073 qnam
1112 3011 1177 3053 ae«.-

126 3091 202 3154 qee‚
224 3093 295 3136 non
313 3073 353 3138 ed
373 3074 459 3138 hano
477 3093 621 3138 causeam
640 3076 797 3156 attinent,
819 3073 918 3138 veluti
937 3074 1077 3154 Quintil.
1094 3075 1126 3156 4,
1144 3079 1176 3157 2,

30 3149 35 3166 ¹
126 3159 177 3218 93.
205 3181 268 3222 nec
289 3153 352 3224 boo
377 3159 468 3226 euim
492 3174 559 3240 eet,
580 3159 638 3248 qui
659 3171 772 3250 neget.
814 3158 943 3224 Tamen
968 3159 1079 3246 negari
1107 3182 1176 3225 non
1217 3163 1239 3220 .’

127 3244 266 3325 poterit,
294 3248 473 3332 aliquando
495 3245 590 3310 illum
617 3245 768 3314 usumin
793 3243 892 3316 letina
922 3245 967 3310 lin
994 3268 1035 3310 uu
1063 3245 1177 3321 fuisse,

127 3326 180 3390 sed
196 3327 314 3394 referri
332 3331 451 3396 debere
469 3331 507 3394 ad
527 3331 692 3419 singulare
714 3331 917 3417 scriptorum
945 3269 1117 3396 arbitrium
1140 3353 1178 3396 no
1212 3375 1216 3379 -

128 3416 410 3482 consuetudinem.
454 3417 571 3482 Cicero
592 3427 624 3482 et
640 3415 758 3482 Caesar
777 3437 857 3480 num
881 3418 926 3488 ita
949 3416 1086 3504 loquuti
1101 3419 1179 3497 sint,

130 3497 269 3584 dubitari
286 3503 414 3576 licebit,
437 3525 506 3576 non
529 3503 654 3588 negari.
694 3503 870 3590 Zumptius
894 3501 932 3568 ud
951 3503 1083 3572 Verria.
1101 3503 1132 3581 5,
1147 3504 1179 3582 6,
1248 3537 1250 3542 ·

130 3586 188 3650 11.Ι
209 3597 299 3654 oerte
322 3590 357 3653 in
384 3589 589 3654 orationibus
615 3591 810 3655 Ciceronem
829 3593 897 3653 'non
927 3589 971 3653 ita
998 3589 1179 3675 loquutum

130 3690 194 3734 esse
209 3675 353 3739 monuit.
395 3674 511 3760 Neque
534 3671 596 3762 ego
611 3675 645 3740 in
661 3673 700 3738 iis
720 3673 824 3738 ullum
851 3675 1044 3760 exemplum
1069 3671 1179 3736 inveni

130 3769 260 3840 praeter
272 3759 384 3824 locum
404 3761 611 3825 Catilinariee
635 3759 814 3837 secundae,
836 3759 877 3824 de
903 3782 969 3846 qua
993 3761 1064 3846 ipsa
1087 3757 1180 3827 mul-

129 3851 196 3906 tum
220 3845 418 3934 ambigitur,
449 3845 630 3917 admodum
656 3846 831 3921 insertum,
870 3842 1097 3929 Etiamapud
1115 3864 1181 3924 ,eo-

129 3927 230 3998 mieos
254 3933 458 4019 antiquiores
479 3931 601 3996 frustra
635 3951 771 4018 quaeres
795 3919 960 4012 eriempla.
1012 3928 1122 4000 Livius
1144 3929 1179 4015 in

130 4027 345 4082 noostantum
371 4018 466 4094 loco,
487 4017 542 4082 sed
568 4039 638 4083 non
664 4027 796 4096 testato,
817 4018 861 4084 ita
889 4015 1008 4082 dixisse
1034 4013 1179 4092 videtura
1263 4021 1271 4026 ’

132 4122 234 4192 neque
273 4103 362 4192 apud
398 4113 512 4192 poetae
537 4103 631 4179 obvia
662 4103 739 4177 sunt
764 4112 839 4185 ante
861 4099 1074 4189 Martialem,
1096 4121 1181 4194 quae

686 4229 726 4280 n,
741 4235 745 4242 .
