2760 4714
257 309 321 375 aa
532 359 550 402 ,A
594 209 968 377 reserauerat..

527 501 1040 622 PRAETERQVAM.
1086 490 1090 496 ·

346 698 385 762 ln
409 689 616 758 excludenda
634 687 741 773 aliqua
766 707 803 750 re
850 677 1093 748 uoniam-duae
1115 707 1168 750 res
1197 681 1309 748 eonfe-

263 795 383 854 runtur
406 789 439 844 et
462 784 714 864 comparantur.
748 707 873 834 aceedit
894 771 934 834 ad
957 769 1153 832 vocabulum
1168 781 1310 856 praeter

265 867 488 957 comparativa
513 858 672 950 porticula
693 877 806 944 quam,
841 867 874 919 et
897 855 1014 919 dieitur
1034 857 1179 940 praeter
1202 877 1311 940 quam,

265 957 315 1024 vei
331 949 528 1036 interposito
543 947 654 1030 aliquo
672 941 846 1008 vocabulo.
892 941 956 1004 Sed
982 961 1086 1004 unum
1111 937 1242 1004 fautum
1267 949 1312 1004 est

262 1038 461 1108 vocabulum
478 1031 621 1096 orationi
639 1031 682 1093 ita
695 1023 1027 1097 accommodandum,
1052 1035 1089 1086 ut
1104 1043 1314 1110 quamsaepe

264 1123 447 1194 redundare
471 1119 648 1182 videretur.
693 1109 896 1198 significatio
911 1131 980 1174 non
997 1109 1108 1174 differt
1124 1133 1142 1172 a
1161 1121 1313 1194 praeter,

205 1239 207 1247 s
264 1211 321 1278 sed
335 1229 423 1272 usus.
452 1205 537 1277 Nam
551 1210 795 1288 praeterquam
808 1195 945 1280 antiquo
960 1206 1115 1282 tempore
1132 1214 1314 1257 non-usar·

257 1297 413 1386 *pabutum
434 1289 496 1354 nisi
514 1289 548 1352 in
571 1306 647 1350 eum
663 1281 812 1354 modum,
836 1290 873 1343 ut
896 1301 999 1366 quam
1020 1280 1158 1366 pienum>
1179 1277 1315 1343 haberet

263 1377 548 1469 significationem,
566 1379 619 1436 eut
636 1379 673 1432 ut
691 1377 881 1454 sequeretur
895 1365 1080 1439 relativum,
1105 1363 1200 1449 quod
1223 1386 1315 1428 suam

263 1477 416 1532 naturam
439 1481 507 1524 non
532 1454 722 1532 amittebat,
758 1452 815 1516 ubi
836 1450 1076 1514 coniunctionis
1097 1449 1205 1512 instar
1238 1459 1315 1512 erat.

243 1552 312 1634 ‚lte
327 1551 485 1636 loquutus
512 1553 562 1607 est
591 1539 785 1614 Terentius,
812 1556 1001 1622 numquam
1028 1535 1175 1603 Plautus.
1227 1533 1316 1598 Tum

267 1659 343 1705 vero
369 1642 613 1720 praeterquam
638 1623 718 1712 poni
740 1619 867 1686 solebat
888 1621 923 1684 in
946 1620 1115 1684 sententiis
1134 1621 1315 1703 negativis:

264 1720 354 1788 uiuit
368 1713 633 1806 praeterquam
649 1731 746 1800 nemo
762 1717 1019 1793 praeterquam.
1049 1705 1204 1788 Denique
1220 1705 1318 1768 etiam

265 1828 336 1872 non
363 1802 573 1868 antecedente
595 1796 771 1883 negatione
794 1789 965 1856 dicebatur
989 1812 1062 1856 rem
1084 1789 1233 1876 aliquam
1252 1811 1318 1854 esse

264 1900 398 1983 praeter
422 1887 531 1952 uliam.

351 2007 654 2147 Praetereapuam,
674 1993 763 2081 quod
782 1989 948 2058 Bentleins
966 2012 984 2062 e
999 1987 1199 2075 quibusdam
1226 1989 1317 2054 libris

267 2095 303 2162 in
321 2091 458 2157 Terent.
480 2090 529 2151 An
555 2106 582 2148 r.
603 2083 635 2159 t,
657 2082 689 2156 4,
714 2081 765 2143 14.
789 2078 913 2144 restitui
930 2073 1037 2158 iussit,
1066 2075 1199 2138 nulium
1220 2073 1318 2138 habet

266 2175 479 2270 exemplum,
517 2190 579 2233 nee
608 2163 786 2230 commode
814 2185 889 2228 eum
917 2185 958 2226 eo
987 2159 1177 2248 comparari
1208 2157 1321 2248 potest

133 2267 144 2276 '
263 2274 499 2354 posteaquam.

353 2386 384 2444 1.
413 2376 562 2442 Primum
582 2367 684 2456 igitur
698 2378 842 2454 praeter
857 2386 961 2515 quam
980 2362 1100 2428 dicitur
1120 2361 1154 2426 in
1179 2383 1320 2450 eompu-

258 2467 396 2534 ratione
417 2463 476 2539 rei,
502 2477 600 2546 quam
626 2453 747 2539 aliquid
778 2473 855 2516 exce
879 2451 915 2514 it.
966 2447 1163 2534 Adiungitur
1184 2459 1321 2513 senten-

267 2556 329 2636 tia,
360 2569 443 2637 quae
482 2565 551 2609 uno
590 2539 794 2604 substantivo
838 2557 993 2627 expresso
1031 2534 1322 2621 praepositionem

261 2648 405 2727 praeter
426 2637 617 2698 assumeret.
888 2632 890 2659 ⁴

368 2753 483 2806 Terent.
509 2748 614 2800 Heaut.
642 2743 668 2807 1,
693 2741 719 2807 1,
743 2738 770 2792 8.
794 2739 863 2808 quod
886 2739 952 2792 ruiti
975 2737 1060 2789 uidere
1082 2727 1190 2806 praeter
1209 2743 1324 2790 naute·

330 2847 406 2892 tuero
424 2839 515 2902 focae
536 2837 563 2883 et
589 2833 698 2897 praeter
721 2841 799 2892 quom
828 2839 868 2876 ree
896 2829 921 2874 u
942 2821 1097 2874 eumaem
1128 2827 1184 2873 toa.
1228 2821 1325 2872 Pleut.

335 2920 422 2973 aare.
440 2917 467 2982 1,
484 2917 510 2978 l,
527 2913 572 2965 ⁹2.
590 2927 655 2981 quur
670 2913 768 2962 mue
783 2909 909 2970 maire,
936 2913 964 2958 ut
987 2905 1066 2970 notat,
1089 2904 1197 2956 vendidi
1213 2921 1250 2956 ex
1266 2922 1326 2956 sen·

333 3005 424 3064 teatio,
444 3001 543 3052 tuorum
560 2998 651 3066 iugem
663 2997 750 3061 sueto,
764 2997 868 3060 praeter
886 3007 966 3059 quoae
983 2989 1050 3042 auu
1067 3003 1138 3041 neue
1162 2991 1250 3056 priter
1275 2989 1324 3040 de-

333 3089 373 3141 uu
391 3087 543 3150 aeetimotae
559 3095 660 3134 mue«.

351 3227 383 3287 2.
411 3219 502 3284 Tum
520 3223 762 3311 praeterquam
784 3231 860 3274 oum
882 3206 1018 3274 relativo
1050 3204 1273 3290 coniungitur
1296 3216 1326 3271 et

266 3305 428 3396 signifieat
444 3312 587 3390 praeter
607 3295 647 3361 ed
665 3293 765 3382 quad.

369 3425 482 3479 Terent.
502 3419 586 3473 Andr.
609 3413 863 3484 4‚4‚14.nerduru
885 3411 911 3462 ei
927 3409 997 3468 ‚ratiti
1016 3426 1113 3474 muru,
1136 3415 1326 3478 praetoeqm

335 3511 402 3580 quod
420 3516 447 3562 te
464 3522 538 3575 rogo,
550 3503 637 3572 faeie,
655 3517 739 3565 eom,
758 3497 829 3552 Eun.
846 3494 914 3561 1,1,
930 3492 973 3546 32.
989 3493 1167 3546 Cornetdtt.
1185 3492 1234 3562 ²1,
1254 3495 1283 3550 Ι.
1300 3495 1325 3546 in

334 3597 381 3652 ttae
398 3609 476 3662 qaum
490 3597 544 3644 tre·
560 3603 657 3640 mearet
676 3585 731 3638 siue
752 3583 813 3634 atta
840 3579 969 3634 autoritas
993 3586 1180 3648 praeterquam
1207 3597 1279 3648 qaae
1297 3595 1326 3631 ee

334 3680 463 3734 motione
486 3673 613 3744 captetur,
630 3665 825 3736 equeuapeieeet
843 3668 897 3718 ete.
911 3661 1013 3719 Auctor
1030 3663 1064 3714 B.
1080 3660 1190 3730 hispan.
1210 3661 1264 3718 24.

349 3801 382 3860 3.
407 3793 657 3876 Praeterquam
677 3781 778 3872 qaod,
807 3786 843 3847 in
871 3779 990 3866 quibus
1015 3777 1105 3864 quod
1125 3780 1326 3844 coniunctio

258 3880 424 3971 'signifieat
446 3879 484 3942 iu
506 3877 571 3942 au‘e
585 3869 680 3960 sera,
706 3865 797 3956 dass,
828 3877 884 3934 eut
911 3864 1128 3951 praeoedente
1157 3865 1326 3930 vocabulo

263 3967 417 4052 negativo
442 3969 630 4048 usurpatur,
653 3966 689 4018 ut
710 3954 780 4018 fere
796 3952 887 4018 idem
901 3951 944 4014 sit
959 3948 1141 4034 quodnisi,
1164 3961 1221 4014 out
1239 3973 1327 4015 eon-

223 4125 225 4130 ,
265 4055 363 4117 traria
384 4040 725 4128 rationesignifioans
746 4037 792 4118 id,
819 4035 859 4101 ad
883 4035 974 4122 quod
1005 4033 1094 4098 aliud
1120 4035 1206 4120 qnid
1228 4059 1326 4101 ecoe·

264 4139 330 4204 dit:
360 4155 463 4222 quare
495 4151 593 4218 seepe
622 4129 656 4194 in
679 4127 780 4191 attero
802 4121 982 4187 sententiae
1004 4129 1100 4210 perte
1119 4117 1327 4186 adiiciuntur
