2830 4712
243 249 283 334 18
380 248 420 324 vl

258 479 260 482 ,
326 417 358 478 7.
394 412 658 500 interrogatione
682 425 863 503 occupatur
887 415 1064 497 iudicium,
1094 421 1226 506 quando
1254 421 1302 498 id,

158 503 165 516 '
243 499 332 588 quod
353 501 531 584 quaeritur,
552 520 656 584 quum
674 503 752 566 satis
774 511 915 581 onustat,
937 504 1192 589 responsionem
1207 527 1304 572 oom-

243 579 430 674 prehendit.
468 583 579 672 ·Saepe
602 582 669 650 boo
695 585 733 649 fit
753 588 786 652 in
811 588 918 652 verbis
939 591 1024 654 num
1046 589 1146 676 quid,
1182 592 1303 678 quibus

189 715 196 726 ·
243 670 372 758 negatio
397 670 630 762 praesumitur.
672 672 765 736 Hane
792 695 869 738 vero
896 673 1216 742 demonstrationem
1246 700 1304 744 ve-

242 755 347 822 ritatis
370 754 494 818 indicat
518 778 612 822 nam.
670 756 830 822 Formula
865 770 914 824 est
945 783 1029 826 nam
1059 760 1142 848 quid
1174 763 1304 842 dicam,

243 863 345 926 quam
382 842 590 925 grammatici
628 843 800 930 supposita
844 844 951 932 ellipsi
990 845 1168 933 explicant.
1227 851 1304 913 Vid.

245 926 408 991 Oehsner.
420 928 454 993 ia
471 925 584 1026 Eclog.
601 928 670 992 Cio.
690 952 722 1014 p.
742 934 813 994 189.
858 931 1044 1016 Loquimur
1058 934 1113 1002 ita.
1135 933 1192 997 ubi
1208 937 1302 1020 pogi-

243 1024 352 1078 tamus
365 1033 415 1085 ea,
434 1033 517 1098 quae
528 1013 614 1078 diota
629 1025 717 1094 6666,
733 1013 799 1096 iam
815 1015 979 1099 sufficere,
995 1041 1055 1082 neo
1073 1018 1206 1105 reliquis
1217 1039 1301 1106 opus

244 1122 331 1177 esse,
361 1108 417 1162 aut
439 1120 522 1184 quae
544 1099 619 1163 addi
646 1101 792 1184 possint,
815 1123 874 1187 per
899 1125 933 1168 ee
957 1103 1107 1190 intelligi.
1151 1104 1198 1168 'ld
1221 1105 1305 1169 vero'

243 1182 403 1285 particula
419 1183 581 1272 significat
597 1183 628 1251 vi
645 1205 705 1250 sua
721 1184 931 1266 affirmativa,
960 1211 1025 1276 qua
1040 1191 1128 1256 idem
1146 1189 1299 1278 estquod

243 1291 420 1336 reimerum.
515 1313 522 1334 .

357 1410 414 1464 cia.
438 1409 472 1464 sla
496 1410 551 1476 ort.
573 1408 606 1478 3,
623 1409 672 1477 21,
689 1409 733 1464 84.
758 1413 838 1466 multi
860 1413 946 1482 iniqui
968 1422 1045 1483 atque
1072 1411 1190 1484 infideles
1211 1431 1301 1478 regno,

310 1497 390 1566 pauci
412 1489 539 1561 benenati,
560 1497 644 1566 inquit
667 1500 771 1557 Aesius.
806 1499 843 1552 Aa
859 1499 901 1550 eui
924 1499 1029 1569 regno?
1055 1502 1121 1573 quad
1145 1518 1163 1552 a
1188 1499 1301 1575 Tantalo

295 1583 447 1652 et'Pelope
460 1583 595 1652 proditum
612 1582 668 1634 iure
683 1583 852 1636 obtinebatur.
887 1581 957 1636 Nam
980 1593 1075 1652 quanto
1093 1585 1177 1653 pluris
1188 1582 1222 1634 'ei
1244 1581 1303 1650 regi

308 1675 402 1738 putas,
423 1667 468 1736 qui
488 1667 598 1719 ereroitu
621 1665 714 1734 populi
734 1669 837 1719 romani
849 1669 977 1736 populum
993 1670 1077 1737 ipsum
1100 1685 1234 1720 romanum
1255 1685 1303 1732 op-

311 1751 469 1822 pressisset?
503 1749 582 1816 Quotl
598 1749 698 1816 aliquis
713 1766 895 1817 responsurus
913 1758 973 1803 erat
988 1754 1069 1804 multo
1080 1753 1180 1820 pluris,
1201 1750 1229 1802 id
1252 1766 1302 1800 oe-

314 1842 430 1902 euqatur
453 1833 599 1902 particula
614 1851 685 1884 nam.
727 1834 831 1886 Eodem
853 1835 933 1887 modo
953 1835 1140 1902 Quintilianus
1159 1835 1192 1900 9,
1208 1833 1242 1898 2,
1259 1831 1303 1886 76
1409 1835 1410 1838 ’

311 1919 340 1973 iu
358 1917 451 1972 verbis
466 1936 530 1971 nans
545 1927 643 1987 quanto
658 1920 755 1970 minus.
788 1907 789 1910 ¹

356 2019 415 2072 (lie.
432 2021 466 2074 66
483 2021 561 2072 Fam.
574 2016 609 2082 7,
624 2019 656 2083 1,
671 2021 715 2072 ll.
731 2039 795 2074 narn
813 2021 876 2090 qaid
897 2031 947 2090 ego
968 2025 995 2072 te
1014 2019 1125 2072 athletas
1144 2024 1233 2087 putens
1256 2018 1303 2070 de·
1358 2011 1360 2021 '

311 2107 444 2169 siderare,
471 2107 515 2174 qai
538 2105 703 2176 gbadiatores
726 2105 910 2160 contemseris?
950 2103 1122 2172 Intelligitur
1143 2101 1172 2153 id
1192 2119 1242 2169 per
1262 2119 1300 2154 se.

315 2191 441 2258 Propert.
454 2189 488 2254 3,
505 2189 555 2253 11,
573 2174 680 2256 limi.
705 2207 768 2242 nane
789 2192 853 2259 quiri
869 2209 921 2262 ego
938 2191 1048 2253 beroae,
1068 2189 1131 2255 quid
1153 2195 1257 2256 raptem
1271 2189 1301 2238 in
1409 2241 1410 2252 ¹

311 2275 423 2329 erimina
443 2275 538 2326 dives?

359 2375 471 2428 Terent.
489 2373 672 2440 Anur.1‚5‚
690 2375 732 2428 17.
750 2395 814 2430 nam
829 2378 893 2446 quid
911 2395 962 2446 ego
984 2375 1071 2428 dicans
1087 2373 1118 2425 sle
1131 2371 1226 2441 patre?
1253 2369 1302 2422 ubi
1408 2439 1409 2446 ἵ

313 2461 487 2514 westerhov.
521 2459 578 2512 otc.
593 2460 627 2512 de
643 2461 702 2512 Am.
717 2462 767 2526 27,
786 2460 846 2514 164.
870 2461 1011 2528 namquid
1029 2475 1079 2528 ego
1099 2458 1131 2508 ale
1145 2456 1237 2506 studiis
1259 2456 1302 2506 di-

314 2563 375 2598 eana
391 2545 563 2616 cognoscendi
579 2563 678 2615 semper
693 2547 795 2615 aliquid
814 2555 890 2614 atque
911 2543 1047 2598 disoebdi?
1080 2540 1113 2592 de
1130 2539 1207 2591 Orat.
1231 2540 1256 2604 1,
1273 2537 1300 2603 5,

313 2628 358 2683 18.
376 2630 514 2698 namquid
529 2647 580 2698 ego
602 2632 635 2683 de
649 2633 750 2684 actione
766 2632 823 2700 ipsa
837 2633 916 2701 plura
930 2631 1026 2683 dicam.
1060 2627 1094 2678 de
1109 2625 1172 2677 niv.
1187 2623 1214 2688 2,
1232 2623 1258 2689 1,
1273 2622 1302 2675 3.

313 2715 343 2769 in
363 2715 441 2767 Verr.
463 2713 495 2778 6,
512 2710 562 2776 25,
579 2712 621 2766 61.
649 2713 684 2767 ab
707 2715 786 2768 Fam.
809 2714 949 2781 14‚1‚2.
974 2712 1025 2777 16,
1046 2711 1098 2775 21,
1122 2708 1148 2762 8.
1176 2709 1203 2764 in
1221 2709 1300 2760 Vera.

314 2800 348 2864 1,
362 2799 413 2864 49,
430 2797 490 2852 129.
514 2814 577 2849 nam
598 2791 723 2870 quiit'ego
744 2803 773 2853 in
788 2802 938 2870 quotidiano
954 2814 1068 2854 serrnom
1092 2795 1300 2863 querimoniaque

311 2884 405 2956 populi
422 2883 528 2936 romani
541 2881 654 2948 liquor?
964 2904 966 2908 ·

217 3053 221 3107 ε
334 3036 374 3098 V.
402 3040 432 3099 1.
454 3033 694 3120 Interrogatio,
717 3057 801 3120 quae
817 3059 859 3101 ex
875 3031 987 3100 animo
1003 3033 1108 3118 magis
1126 3039 1297 3095 commoto

212 3164 219 3211 Α,
248 3119 498 3208 proficiscitur,¹
532 3118 770 3204 significantior
799 3121 837 3186 fit
875 3143 938 3207 per
973 3119 1169 3206 particulam
1202 3140 1296 3194 nana

136 3223 143 3256 ³
214 3222 217 3232 '
249 3215 411 3292 quaeant
435 3207 675 3292 praemittitur,
706 3218 761 3273 aut
784 3228 853 3271 uno
880 3217 1015 3270 accentu
1043 3201 1296 3291 comprehensa,

200 3277 207 3371 ξ
249 3291 403 3356 enclitioo
419 3314 515 3355 more
531 3292 691 3356 adiicitur.
735 3291 782 3357 Ea
802 3314 880 3357 vero
906 3301 961 3354 aut
984 3291 1137 3380 perbibet
1159 3287 1298 3352 intensi-

199 3408 201 3418 *
248 3399 324 3442 vam
343 3378 419 3455 vim,
439 3399 522 3463 quae
538 3379 636 3441 etiam
652 3380 685 3441 in
701 3400 820 3464 graeco
835 3381 883 3460 atq
898 3379 994 3460 inest,
1016 3387 1048 3441 et
1066 3377 1106 3441 ad
1123 3375 1298 3460 designan-

199 3526 200 3541 ,
250 3463 328 3528 dam
343 3485 415 3528 rem
433 3463 658 3528 vehementius
676 3475 809 3545 evocat,
834 3474 973 3614 auidam·
996 3464 1139 3537 ironiam
1166 3459 1297 3536 indicat,

210 3623 215 3636 ,
249 3570 347 3631 eum,
370 3548 425 3636 qui
450 3551 596 3636 quaerit,
623 3551 750 3614 mirari.
801 3550 872 3628 Nos
930 3550 1056 3615 ermani
1082 3550 1179 3616 etiam
1206 3544 1297 3607 derio

248 3654 460 3724 usurpamus.
501 3636 671 3699 Praemitti
686 3636 804 3701 licebat
816 3657 901 3701 nam
924 3635 1078 3700 omnibus
1094 3630 1295 3708 nominibus,

207 3723 211 3801 Ι
249 3722 306 3787 sed
338 3719 501 3786 obsolevit
530 3719 609 3786 liaeo
641 3722 801 3809 loquendi
823 3721 1029 3787 cousuetudo
1054 3717 1188 3786 comicis
1210 3736 1296 3800 pro-

207 3808 212 3894 l
249 3807 340 3892 pria,
360 3830 421 3873 nec
437 3805 541 3873 multa
561 3819 752 3874 manserunt
768 3807 903 3873 nomina
918 3810 1010 3872 istius
1027 3805 1195 3886 enclitioae
1218 3796 1295 3863 lor-

207 3895 212 3969 l
248 3891 403 3974 metionis
418 3893 453 3957 in
473 3913 553 3966 usa.
578 3893 634 3979 qui
655 3894 890 3981 antiquissimis
904 3891 1113 3981 temporibus
1132 3886 1297 3952 maiorem

206 4012 209 4023 ·
236 3979 425 4044 ‘numerum
445 3977 600 4071 habuisqe
622 3979 761 4046 videtur.
811 3979 861 4044 De
885 3979 1050 4068 quianam
1073 3972 1296 4058 Quintilianus
1401 4001 1402 4018 ¹

202 4095 206 4106 ·
248 4069 280 4148 8,
300 4070 331 4146 8,
348 4067 401 4132 25.
421 4063 485 4130 olli
497 4064 590 4131 enim
603 4075 637 4130 et
652 4065 818 4154 quianam
840 4077 874 4133 et
894 4065 960 4131 nais
976 4075 1010 4133 et
1019 4083 1112 4152 pone
1121 4060 1296 4150 polluceat
1399 4133 1401 4154 .
