2804 4722
187 251 191 259 ·
273 249 341 318 aaa
388 199 390 208 ,
733 231 862 316 ruer.

279 458 285 468 ·
309 430 314 437 ·
357 417 397 486 ib
423 419 452 484 1.
480 415 531 482 De
549 357 703 566 tempore
721 415 949 507 dirrumpere
962 434 1063 484 anam
1076 415 1178 489 babet
1193 423 1314 514 signitt-

271 505 439 572 cntionem
454 500 501 566 rei
518 521 612 566 succe
637 505 731 585 entis,
745 503 804 569 sed
819 504 853 568 in
868 503 1020 570 oratione
1035 504 1158 575 radam
1172 520 1313 580 ornetu-

270 613 356 669 ram.
416 587 469 656 Ex
494 586 534 652 iis
558 608 655 668 aero,
697 588 845 676 quaeda
869 588 1031 676 partionis
1057 601 1142 660 uate
1166 595 1266 663 Tam.
1287 605 1313 666 1.

269 701 305 765 p.
335 679 410 742 sto.
437 671 583 760 exposita
606 683 701 748 sunt,
748 674 892 762 plurima
919 673 1017 740 etiam
1050 675 1090 742 sd
1122 681 1313 750 vocabulum

268 773 347 854 part
361 759 539 847 pertinent,
560 768 660 847 atque
675 769 808 848 tempus
822 764 987 846 posterius
1003 771 1059 826 aut
1076 761 1118 826 ad
1133 765 1216 831 itlud
1231 779 1313 836 tem·

269 868 332 935 pus
350 844 504 924 refertur,
527 843 561 908 ia
580 867 647 932 quo
664 856 812 910 versatur
829 845 867 926 ia,
883 847 940 933 qui
955 843 1114 932 loquitur,
1130 851 1183 918 vel
1198 857 1315 922 versari
1371 889 1372 892 ¹

269 931 392 1002 dicitnr
425 929 473 1006 is,
518 927 652 1016 dequo
688 941 738 994 est
768 953 898 996 sermor
951 932 1053 998 veluti
1075 948 1155 1022 past
1188 961 1313 1024 pancos
1371 951 1372 954 ’

268 1017 354 1093 dies,
376 1015 467 1080 nach
488 1014 646 1106 wenigen
675 1015 818 1102 Tagen:
847 1025 903 1081 aut
924 1014 991 1082 duo
1009 1026 1163 1106 tempora
1181 1047 1243 1110 per
1259 1029 1315 1091 ad·

267 1101 418 1170 verbiam
437 1103 524 1166 inter
546 1123 581 1166 se
604 1111 850 1200 comparantur,
875 1121 1021 1188 quorum
1040 1103 1182 1172 alterum
1202 1113 1314 1199 expri-

266 1189 372 1266 mitur
395 1184 537 1252 ablativo
563 1187 728 1266 nominis,
764 1187 889 1274 paneis
921 1185 1038 1253 diebus
1052 1201 1152 1278 poet,
1184 1199 1315 1286 coraige

270 1274 371 1363 Tage
385 1273 548 1340 nuchhar.
591 1273 684 1338 Hanc
709 1294 790 1338 vero
809 1272 1053 1338 distinctionem
1075 1295 1143 1342 non
1165 1282 1239 1348 sine
1261 1306 1314 1348 ra·
1371 1323 1372 1352 t

266 1361 358 1427 tione
377 1359 499 1424 factam
518 1378 594 1422 ursus
619 1358 750 1444 linguae
779 1357 920 1446 vulgaris
944 1357 1051 1425 multo
1069 1364 1170 1449 magis
1186 1365 1219 1430 in
1241 1379 1314 1458 port

266 1469 366 1536 qnam
381 1445 417 1510 in
431 1453 512 1510 ante
526 1443 680 1522 elevavit,
705 1455 738 1508 et
753 1443 820 1508 iam
842 1445 1027 1528 antiquiore
1047 1457 1149 1514 aetate
1171 1453 1315 1538 scripto·

265 1555 319 1600 res
342 1530 497 1597 dicebant
516 1540 597 1618 post
624 1529 709 1595 daca
736 1551 846 1594 aanor
871 1551 932 1617 pro
955 1529 1083 1596 driadas
1104 1536 1208 1600 anaia
1226 1553 1314 1628 port.

264 1617 550 1708 Praepositionem
573 1615 661 1680 inter
693 1636 818 1680 nomen
844 1625 877 1680 et
901 1614 1097 1682 adiectivum
1114 1619 1314 1690 interiectam

264 1722 366 1770 nemo
387 1704 422 1770 in
450 1701 691 1767 dubitationem
708 1700 848 1780 vocabit,
869 1709 980 1765 tamen
1003 1713 1079 1766 sunt
1094 1703 1265 1786 dictiones,
1283 1711 1314 1775 in

180 1859 185 1866 .
265 1791 383 1878 quibus
398 1800 529 1870 tempus
548 1788 732 1852 accusativo
750 1785 955 1872 designatum
970 1807 1045 1852 cum
1064 1787 1233 1873 adverbio,
1248 1817 1315 1860 non

265 1899 342 1942 cnm
366 1873 611 1964 praepositione
643 1871 811 1958 componi
834 1871 988 1937 rideatur.
1046 1875 1129 1940 Vide
1152 1877 1257 1946 Tam.
1287 1889 1315 1946 1.

263 1983 300 2052 p.
319 1967 394 2028 871.
412 1983 477 2046 qua
498 1959 530 2022 in
554 1981 592 2023 re
613 1979 745 2022 mecum
766 1957 928 2022 consentit
950 1956 1123 2025 Walchius
1147 1963 1189 2028 ad
1212 1963 1316 2032 Tacit.

263 2049 341 2134 Agr.
355 2069 391 2134 p.
406 2046 481 2110 427.
518 2041 729 2129 Quamquam
752 2063 831 2108 vcro
852 2041 1043 2108 adverbium
1063 2057 1161 2112 acuto
1179 2063 1318 2118 accentu

265 2129 528 2216 distinguebatur
543 2151 560 2192 a
577 2127 837 2216 praepositione,
859 2147 943 2214 quae
966 2130 1055 2218 gravi
1067 2146 1216 2200 accentu
1235 2159 1317 2226 pro·

263 2215 409 2282 nuntiari
434 2211 812 2300 solebat„probabitius
842 2212 971 2279 videtur
999 2229 1224 2286 commutatas
1251 2245 1320 2289 essa

191 2363 194 2374 .
263 2301 394 2372 formas
411 2299 467 2378 ita,
491 2310 527 2364 nt
540 2297 761 2376 adverbium,
788 2297 844 2368 ubi
863 2300 1133 2398 interponeretur
1145 2305 1239 2374 inter
1253 2331 1317 2373 no-

262 2385 366 2464 mina,
382 2387 417 2454 in
461 2386 718 2472 raepositionem
739 2385 905 2450 transiret.
927 2385 998 2452 Lrv.
1021 2390 1076 2470 42,
1102 2395 1152 2470 10,
1175 2392 1208 2458 6.
1231 2392 1319 2460 Fal-

262 2475 342 2540 vius
374 2409 496 2538 aeddm
521 2471 700 2538 Fortunae
725 2469 916 2558 Equestris,
940 2493 1043 2558 quam
1066 2477 1257 2562 proconsul
1284 2479 1320 2545 in

262 2559 313 2632 Hi
355 2559 442 2626 ania
456 2594 500 2608 -
527 2561 826 2636 vocemmeam
849 2579 907 2620 sear
929 2568 1018 2646 port,
1038 2581 1141 2646 paam
1163 2575 1320 2642 voverat,

263 2580 454 2715 degravat.
494 2641 573 2742 Non
592 2653 681 2710 recte
705 2639 909 2741 Schwaraius
933 2641 1010 2708 dicit
1035 2648 1320 2734 praepositionem

262 2740 428 2818 essepost
455 2738 592 2794 ositom:
618 2739 667 2794 cst
686 2751 775 2793 enim
798 2749 889 2794 anno
914 2740 1007 2794 sexto
1028 2741 1126 2820 post:
1156 2755 1264 2820 quem
1289 2737 1321 2802 in

262 2815 406 2884 modum
428 2754 567 2878 dicimus
589 2809 712 2880 abstine
730 2835 788 2878 aex
805 2834 925 2878 annos.
968 2809 1075 2880 Tacit.
1091 2815 1178 2884 Ann.
1196 2821 1253 2900 14,
1273 2827 1322 2886 12.

261 2925 350 2997 quae
366 2900 455 2966 adeo
471 2900 545 2964 sine
559 2922 642 2964 citra
667 2898 769 2964 deum
797 2895 1008 2979 eveniebant,
1032 2911 1070 2964 at
1095 2899 1224 2969 maltos
1246 2917 1323 2996 post

263 3010 374 3056 annos
392 2983 483 3051 Nero
501 2983 685 3072 imperinm
701 2993 733 3049 et
749 2981 877 3048 scelera
894 2983 1159 3052 continuaverit.
1204 2989 1248 3056 In
1271 2991 1323 3058 his

263 3073 424 3160 quoniam
451 3072 655 3158 praepositio
682 3067 833 3136 ‘adverbii
858 3071 963 3135 vicem
994 3081 1160 3160 praestare
1188 3075 1324 3143 videtur

262 3158 369 3240 (niele
391 3153 686 3238 Jalrrenacblrer),
709 3153 792 3218 nibil
817 3151 968 3241 impedit,
1003 3177 1070 3242 quo
1094 3158 1206 3225 minus
1234 3161 1323 3247 apud

263 3243 332 3312 Cic.
350 3267 385 3332 p.
399 3239 496 3307 Rosc.
514 3243 588 3306 Am.
613 3243 664 3324 44,
692 3244 764 3306 128.
790 3239 919 3332 aliquot
939 3252 1019 3330 port
1040 3263 1170 3310 menses
1194 3248 1324 3314 reddu-

262 3351 339 3396 mus
365 3327 480 3428 eiaig‘e
504 3328 644 3394 Monate
667 3325 829 3392 acelaber.
876 3323 1077 3394 Aduerbium
1105 3327 1241 3399 factum
1275 3341 1325 3400 est

263 3423 481 3504 praepositio.

366 3545 476 3604 creat
496 3543 705 3612 ntct‚11.ae
731 3547 799 3602 ideas
825 3547 935 3604 Parietes
960 3564 1014 3605 aon
1033 3549 1112 3620 secat,
1138 3567 1246 3608 mun
1265 3557 1326 3622 sere

329 3641 389 3708 past
422 3631 676 3703 quinquagesimam.
707 3630 727 3686 i.
755 3647 780 3684 s.
813 3629 1010 3704 qninquaginta
1039 3632 1118 3690 sunta
1144 3639 1324 3704 praeteritis

325 3717 443 3793 suasetg
460 3717 543 3770 latere
560 3719 657 3787 spdter.
690 3713 748 3775 set
769 3713 870 3790 virgo.
888 3715 950 3772 sa.
966 3713 993 3788 l,
1011 3715 1054 3772 68.
1075 3737 1107 3773 ea
1124 3735 1258 3790 sarm
1273 3741 1323 3795 pa-

292 3804 395 3862 ‚aran
413 3802 1324 3876 wammfflnctewneanrauapoam-

333 3901 401 3958 ΕΝ
419 3890 539 3954 “mim-
666 3935 677 3950 ,

366 4003 427 4060 biv.
443 4003 472 4071 ’1,
488 4003 532 4074 18,
547 4004 575 4060 1.
593 4007 680 4061 obtata
697 4011 757 4076 part
775 4003 939 4062 aarum
963 4019 1068 4062 nsaw
1087 4009 1205 4080 a-'ptds
1230 4029 1326 4069 σου·

332 4091 398 4148 tara.
423 4088 543 4148 Phrada.
560 4089 587 4158 1,
607 4090 651 4159 te,
667 4090 694 4147 ἵ.
711 4096 770 4161 poet
783 4093 883 4162 rmus
897 4091 960 4148 ara.
