2830 4712
529 201 537 234 t

564 303 576 412 ’ὁ
603 281 663 354 ue
684 321 729 340 -
749 285 937 372 Qviuuu.

393 465 397 480 ’
502 505 602 595 NE
630 553 687 574 -
718 485 1040 627 Quinum.

303 749 305 754 ,
331 679 359 744 1.
388 673 442 744 Nc
466 698 543 742 cum
566 675 704 766 quidem
726 677 938 766 coniungitur
961 677 1163 768 interposito
1186 679 1300 766 aliquo
1333 733 1342 748 .
1366 693 1373 700 '

165 833 168 840 ,
244 761 417 828 vocabulo.
449 759 488 828 Id
507 786 571 828 nos
589 765 747 830 Germani
764 763 910 830 solemus
930 766 1069 832 reddere
1084 765 1190 832 verbis
1204 767 1302 832 nicltt

244 846 394 914 eiamal:
416 870 483 936 quo
498 872 596 937 saepe
611 849 667 931 fit,
690 861 728 916 ut
753 875 770 916 a
790 851 927 939 propria
952 850 1132 917 latinorum
1156 852 1302 916 vocabu·

242 932 356 1000 lorum
373 934 612 1021 significatione
627 937 830 1004 aberremus.
872 937 1001 1002 Idcirco
1016 936 1174 1016 Wolfius,
1195 960 1302 1025 quum

245 1022 473 1106 cognovisset,
510 1045 580 1088 non
604 1023 759 1089 omnibus
782 1023 864 1088 locis
895 1023 975 1088 illud
1008 1047 1024 1088 a
1052 1034 1122 1088 tum
1149 1046 1234 1103 esse,
1264 1025 1302 1090 in

245 1105 369 1174 scholis
387 1108 454 1172 suis
470 1107 601 1191 docuit,
622 1134 664 1176 ne
679 1147 723 1163 -
740 1109 878 1198 quidem
892 1131 991 1198 saepe
1005 1047 1061 1176 'de
1084 1109 1181 1175 rebus
1208 1111 1302 1196 pari-

244 1189 306 1260 bus
322 1193 386 1260 dici
402 1203 435 1259 et
448 1194 859 1281 significari'etiam'uon,
884 1195 1002 1285 quibus
1027 1195 1133 1262 verbis
1156 1218 1304 1285 compo-

245 1279 316 1342 sitis
337 1279 443 1344 Latini
466 1302 649 1368 numquam
670 1283 721 1346 usi
744 1294 863 1347 essent.
897 1283 1004 1347 Hauc
1028 1281 1236 1364 doctrinam,
1263 1284 1302 1348 in

245 1365 336 1429 notis
360 1387 449 1430 nunc
473 1367 607 1434 ad·Cic.
630 1367 730 1435 Tusc.
750 1374 780 1446 1,
797 1373 828 1447 6,
847 1375 895 1433 11.
930 1374 958 1444 1,
981 1373 1035 1448 25,
1059 1373 1111 1433 63.
1133 1369 1303 1442 traditam,

200 1459 207 1468 '
244 1450 343 1515 multi
390 1453 574 1519 rammatici
604 1454 929 1542 comprobaverunt,
962 1453 1062 1519 veluti
1093 1453 1229 1519 Heldius
1259 1454 1303 1519 ad

246 1537 340 1600 Caes.
365 1475 448 1603 dett.
472 1540 531 1605 civ.
556 1545 590 1617 2,
612 1545 665 1606 33.
695 1539 881 1606 Beneckius
908 1538 949 1604 ad
976 1539 1091 1604 lustin.
1109 1544 1167 1627 38,
1189 1545 1221 1615 7,
1246 1545 1302 1605 10.

229 1622 404 1688 ,Βίεῖτίοὴ
430 1625 464 1690 in
490 1625 625 1706 Quaest.
649 1636 835 1714 grammat*
854 1649 887 1711 p.
903 1630 958 1690 70.
988 1624 1143 1690 Klotzius
1169 1625 1208 1690 ad
1231 1626 1303 1692 Cic.

243 1706 347 1773 Tusc.
364 1716 394 1785 1,
412 1716 466 1794 26,
484 1713 537 1777 65.
578 1713 621 1775 At
641 1733 708 1775 non
724 1733 829 1776 unum
851 1723 917 1785 est,
949 1709 1039 1798 quod
1062 1713 1096 1776 in
1124 1711 1176 1775 his
1200 1734 1303 1800 prae-

161 1854 166 1872 ,
246 1798 348 1883 ceptis
364 1797 450 1861 mate
465 1820 501 1862 se
517 1796 646 1862 habeat.
668 1797 754 1860 Nam
768 1797 917 1884 primum
934 1797 1032 1862 verba
1048 1820 1091 1863 ne
1103 1833 1148 1886 -4-
1164 1795 1304 1886 quidem

243 1902 314 1945 non
328 1893 469 1969 possunt
482 1885 576 1948 suam
592 1881 869 1970 significationem
883 1884 927 1948 ita
943 1894 1082 1961 mutare,
1098 1893 1134 1947 ut
1146 1887 1176 1948 vi
1218 1884 1304 1948 arti·
1395 1919 1398 1926 ·

246 1967 650 2055 culaequidcmadcmpta
665 1969 706 2034 de
721 1968 819 2034 rebus
837 1969 972 2055 paribus
988 1969 1156 2034 dicantur:
1182 1907 1305 2034 deinde

246 2051 422 2117 discrimen
437 2053 684 2140 significationis
698 2078 768 2120 non
791 2056 827 2119 in
844 2055 952 2120 latinis
970 2053 1156 2134 vocabulis,
1183 2055 1242 2121 sed
1267 2056 1302 2120 in

126 2139 128 2143 ’
245 2139 442 2226 germanicis
467 2150 517 2204 est
532 2141 652 2205 situm:
674 2141 815 2228 denique
838 2141 945 2207 Latini
973 2140 1060 2212 haud
1085 2141 1306 2216 maledicunt

243 2225 505 2312 frequentiam,
545 2227 657 2292 etium
680 2251 782 2296 nou..
817 2224 871 2293 Nc
901 2228 1114 2314 negationem
1142 2228 1307 2315 exprimit

244 2311 390 2461 graviori
416 2311 466 2376 vi:
501 2311 638 2399 quidem
666 2313 797 2380 nomini
834 2312 931 2379 alicui
972 2314 1136 2380 adiectum
1167 2313 1307 2394 indicat,
1407 2387 1408 2396 ἶ

270 2418 331 2462 anc
349 2417 420 2462 rem
437 2395 554 2463 efferri
571 2410 669 2485 atque
686 2400 756 2464 aliis
780 2400 919 2488 opponi.
964 2400 1076 2481 Quare
1098 2397 1178 2464 haec
1202 2398 1308 2466 verba
1407 2453 1408 2476 2

137 2530 139 2534 .
244 2483 381 2570 proprie
396 2481 481 2548 nihil
496 2483 684 2572 significant
698 2502 797 2572 quam
816 2487 1002 2573 graviorem
1023 2485 1236 2570 negationem
1260 2485 1307 2551 ad
1407 2525 1408 2554 r

86 2578 99 2598 ⁶
245 2589 349 2633 unam
372 2572 549 2636 notionem
581 2572 758 2659 praecipue
790 2573 941 2638 relatam.
990 2571 1189 2658 intelligitur
1211 2573 1305 2638 enim
1407 2617 1408 2624 κ

244 2675 317 2736 res,
347 2676 448 2742 quam
476 2679 546 2722 non
578 2657 653 2725 ficri
685 2680 803 2724 omnes
833 2659 990 2737 credunt,
1021 2668 1077 2724 aut
1124 2679 1199 2722 uam
1229 2655 1306 2723 fieri
1407 2647 1408 2730 J

246 2762 362 2806 omnes
385 2727 568 2810 mirantur:
599 2767 700 2832 quam
726 2745 865 2812 obrem
891 2746 997 2811 maius
1022 2682 1176 2810 accedere
1206 2742 1307 2809 debet

243 2827 429 2914 negationis
462 2829 606 2916 pondus.
667 2832 897 2919 Opponuntur
920 2853 990 2908 res,
1021 2853 1100 2918 quas
1130 2852 1201 2896 non
1233 2851 1307 2896 esse

246 2924 302 2978 ant
324 2937 394 2981 non
412 2913 486 2980 fieri
502 2918 611 2982 minus
628 2917 776 2982 videatur
795 2917 929 2986 mirum.
972 2916 1063 3004 Ergo
1079 2918 1107 2982 si
1126 2939 1180 2982 res
1193 2917 1306 3004 respi-

245 2999 370 3076 cimus,
392 3000 478 3094 inest
492 3001 529 3065 in
550 3002 657 3066 verbis
675 3001 852 3067 descensus
866 3026 894 3104 p
913 3003 1041 3069 maiore
1064 3025 1101 3068 re
1124 3004 1165 3067 ad
1188 3003 1306 3068 mino-

243 3106 336 3166 rem,
359 3086 411 3152 sin
432 3107 511 3151 vero
524 3087 734 3174 negationem
751 3088 1018 3171 consideramus,
1041 3089 1210 3153 adscendit
1225 3110 1306 3153 ora-

243 3170 293 3234 tio
310 3168 352 3235 ad
367 3173 532 3238 maiorem
547 3184 746 3261 potestatem
762 3175 913 3262 negandi.
955 3175 1028 3240 Hoc
1050 3174 1207 3240 Germani
1225 3173 1306 3240 rcd-

245 3253 330 3322 dunt
345 3255 453 3322 verbis
467 3259 562 3323 nicht
576 3258 724 3340 einmal,
741 3260 977 3348 geschweige‚
1002 3259 1090 3326 circli
1110 3260 1205 3325 nicltt
1227 3260 1306 3326 ein·

243 3337 330 3407 mul.
370 3341 411 3408 ¹Si
426 3343 504 3430 quid
520 3343 620 3430 igitur
635 3345 834 3414 discriminis
850 3346 1046 3427 intercedit,
1068 3344 1207 3412 efficitur
1222 3368 1307 3434 pro·

183 3475 190 3504 ,
244 3427 471 3510 nuntiatione,
496 3451 561 3518 qua
580 3431 724 3518 negandi
748 3436 795 3498 vis
819 3442 967 3518 augetur.
1011 3430 1077 3497 Sed
1098 3432 1306 3519 primitivam

246 3510 524 3599 significationem
555 3519 698 3605 positam
723 3539 793 3584 esse
816 3518 851 3584 in
876 3517 944 3594 illa
960 3519 1087 3583 maiore
1123 3518 1306 3606 negationis

246 3600 422 3688 gravitate,
451 3601 485 3665 id
512 3614 651 3692 apparet
681 3605 847 3679 maxime,
879 3603 936 3669 ubi
964 3601 1027 3668 sed
1050 3603 1178 3669 aliudve
1207 3602 1306 3668 huius

196 3737 199 3757 ,
246 3686 375 3772 generis
392 3687 591 3756 vocabulum
606 3693 641 3756 in
655 3690 755 3755 attera
769 3690 947 3756 sententiae
964 3700 1060 3777 -parte
1075 3690 1240 3776 sequiturz
1265 3690 1307 3754 de

242 3773 453 3923 puarevide
475 3779 579 3841 n.14.
604 3785 636 3840 et
659 3776 695 3839 in
714 3776 772 3860 iis,
797 3774 915 3862 quibus
942 3775 1118 3841 reddendis
1141 3797 1205 3839 nos
1232 3796 1306 3841 voc.

264 3858 451 3948 eineswegs
495 3857 701 3932 adhibemus·
771 3862 927 3928 Gradatio
965 3883 1046 3948 ergo
1084 3862 1232 3926 cernitur
1270 3860 1307 3925 in

222 3967 334 4024 non,
356 3969 417 4026 nc,
438 3968 520 4025 nec,
542 3970 585 4012 ne
606 3943 763 4035 quidem.-
784 3971 864 4014 nam
890 3946 983 4036 quod
1008 3948 1125 4013 Cicero
1141 3945 1230 4012 Lael.
1253 3951 1304 4021 11,

158 4081 170 4094 a
246 4035 302 4096 39.
332 4030 412 4099 dicit
435 4053 480 4098 ne
499 4033 674 4123 suspicari
696 4031 833 4123 quidem
850 4055 1048 4124 passumus,
1071 4035 1172 4102 etiam
1193 4041 1306 4099 extre-

227 4139 343 4199 ,mum
362 4126 469 4207 negat
