2760 4714
262 228 327 294 aa
692 227 906 298 rainone.
949 310 952 319 ¹

362 399 435 456 Ptin.
454 398 527 454 utet
547 417 575 454 a.
592 397 635 465 lt,
647 401 691 468 10,
707 401 753 458 28.
771 405 904 474 prolilurc
919 402 972 456 tto
983 391 1235 472 nefmuuhletur
1247 413 1308 478 eina

327 494 436 557 praeter
458 487 603 554 inputatae
628 486 696 552 uitia
714 490 831 556 fulmine
854 495 948 542 tader.
998 488 1091 544 Dubia
1114 499 1156 545 cet
1173 494 1307 564 scriptura

329 575 443 628 Sueten.
459 571 559 625 Claud.
579 570 604 624 4.
623 589 680 624 eura
699 574 773 625 nullo
791 581 900 643 praeter
913 577 1053 644 auguralia
1067 581 1210 632 cacerdotir
1226 583 1308 636 nrm
1364 571 1365 612 ¹

259 715 271 724 ‚
326 660 500 730 impertitum.
517 656 568 710 nbi
592 656 771 724 Oudendorp.
796 658 861 715 Ner.
883 657 927 710 50.
962 661 1118 730 religionum
1140 681 1310 736 usquequaque

328 752 467 798 eoraerntor
482 751 591 812 praeter
608 743 685 796 uniar
702 744 766 796 deae
777 745 878 812 Syriae.
901 743 980 798 Hanc
999 744 1116 814 genitivi
1137 753 1310 806 eonatrnctio-

327 845 392 882 nem
412 844 589 881 communem
614 828 718 880 lrabeat
742 827 817 880 aliae
842 845 953 896 quoquc
977 831 1210 900 praepositiones,
1236 835 1310 888 ellan

326 913 401 982 opud
428 912 548 984 optimos
575 911 734 980 reriptorer.
779 913 837 966 cte.
859 913 894 966 ad
915 916 948 982 Q.
972 913 1009 968 fr.
1031 917 1057 981 l,
1082 917 1109 983 1,
1135 918 1161 970 t.
1181 921 1311 992 diligenter

326 1001 458 1054 oaomdae
482 1005 544 1054 runt
577 999 709 1068 quaedam
736 1000 945 1068 familiaritates
966 1009 1074 1070 praeter
1101 1003 1238 1060 hominurn
1257 1025 1311 1078 per-

324 1099 480 1153 paucorum.

259 1227 274 1254 „
360 1184 422 1240 Noa
442 1184 502 1240 riae
526 1183 602 1238 iura
628 1201 728 1240 canera
751 1184 865 1255 arripnit
892 1185 1042 1240 (taalenina
1065 1187 1184 1244 otton.
1213 1209 1243 1262 p.
1259 1193 1312 1248 18⁸.

256 1309 260 1318 .
326 1279 445 1342 ,praeter
470 1285 520 1340 pro
542 1279 730 1341 praeterquam
754 1272 929 1326 erchanmar
946 1277 1006 1336 aar,
1026 1289 1109 1340 quern
1135 1274 1311 1330 observatam

326 1356 420 1425 potiar
438 1372 522 1425 qoam
541 1367 705 1424 usurpatam
724 1357 883 1432 rcluraua.“
905 1356 1014 1426 Apulei.
1026 1359 1095 1412 Met.
1110 1359 1179 1430 2.·p.
1197 1362 1259 1429 122,
1273 1364 1313 1418 tl.

258 1489 260 1498 ,
323 1459 390 1495 uam
402 1450 508 1512 macter
524 1445 593 1512 quoa
610 1445 695 1512 apulie
713 1444 805 1500 alienia
823 1444 970 1514 uoluptates
987 1462 1058 1500 mear
1075 1451 1247 1514 anteferrem,
1265 1468 1313 1502 ne·

324 1534 382 1580 turn
405 1529 486 1580 etiam
509 1527 588 1582 iatum
613 1529 662 1582 tili
688 1529 795 1581 demam
818 1536 956 1582 maturata
982 1532 1151 1600 regrceeione.
1169 1531 1197 1584 4.
1216 1551 1243 1600 p.
1259 1533 1313 1600 155,

323 1611 351 1666 l.
376 1613 502 1666 Laclaul.
524 1613 550 1678 t,
568 1614 595 1664 8.
615 1613 659 1666 13.
675 1631 736 1666 nom
755 1621 859 1682 praeter
878 1615 947 1682 qucrl
966 1631 1040 1666 omne
1059 1614 1159 1668 animal
1173 1617 1270 1670 dolans
1281 1627 1314 1673 eet

318 1700 442 1772 fugiens,
465 1700 524 1768 quie
544 1706 629 1768 puteat
654 1700 703 1751 rili
729 1699 778 1752 lroe
802 1699 895 1750 bonurn
921 1699 1079 1767 protelare?
1113 1699 1146 1752 ln
1167 1701 1314 1768 codicione,

324 1781 372 1850 qni
393 1797 464 1836 nnnc
478 1790 602 1848 exstant,
621 1800 705 1852 raepe
725 1783 831 1852 legitur
846 1785 1044 1853 praeterquod,
1064 1781 1152 1838 veluti
1170 1785 1246 1853 apud
1263 1788 1314 1840 cie

257 1932 260 1940 ,
325 1867 359 1920 de
375 1866 436 1920 lnv.
456 1867 484 1935 2,
507 1870 552 1932 21,
566 1867 610 1923 ou.
635 1869 715 1924 caea.
737 1869 771 1920 B.
789 1867 857 1938 gall.
875 1866 899 1932 l,
925 1866 959 1920 5:
986 1868 1058 1936 qnod
1079 1886 1133 1924 noa
1149 1873 1211 1924 tam
1228 1875 1315 1942 negli·
1364 1865 1365 1952 l

259 1995 262 2003 .
323 1953 419 2023 gentio
437 1955 545 2006 luctam
562 1962 644 2025 puta,
671 1969 754 2020 qaum
771 1967 849 2006 more
866 1951 976 2006 dicendi
993 1951 1119 2006 librariie
1134 1966 1281 2014 consueto.

342 2061 394 2120 10.
420 2055 630 2143 Praeterque
676 2078 715 2119 ro
738 2067 771 2120 et
804 2067 988 2144 praeterea
1010 2056 1133 2121 Plinius
1156 2059 1257 2140 dixit,
1287 2071 1314 2128 et

255 2143 300 2208 ita
322 2142 457 2241 quidem
475 2165 584 2241 saepe,
607 2078 721 2214 utico
733 2141 932 2206 vocabulum
950 2143 1130 2230 particulae
1147 2149 1315 2234 copulati·

257 2251 317 2294 vae
341 2249 445 2294 vacem
469 2239 639 2293 sustineat.

256 2377 266 2398 ,ι
357 2347 432 2404 Ptin.
451 2347 526 2401 niet.
543 2365 570 2402 n.
587 2348 613 2413 4,
632 2349 658 2416 a,
676 2351 721 2403 10.
745 2351 885 2419 Lampeur,
912 2347 1043 2402 Nonacria
1058 2357 1219 2420 praeterque
1237 2354 1315 2423 igno-

323 2437 388 2490 le'lce
404 2443 466 2488 octo.
482 2434 525 2501 11,
543 2434 570 2500 4,
586 2433 612 2486 3.
631 2437 729 2488 lentem
749 2443 839 2488 autera
864 2436 949 2488 mulae
974 2442 1133 2504 praeterque
1161 2453 1177 2488 c
1204 2440 1317 2490 mitra

320 2529 420 2577 tactura
446 2528 526 2589 utque
549 2527 695 2590 gneratum.
719 2520 745 2589 a,
770 2519 814 2584 30,
838 2519 882 2574 64.
907 2515 934 2584 5,
961 2520 986 2588 1,
1011 2519 1037 2572 1.
1058 2519 1158 2572 similia
1174 2525 1273 2590 prodit
1291 2525 1318 2576 de

322 2608 434 2671 Atlante,
450 2612 607 2674 praeterque
623 2605 705 2676 gigni
722 2599 760 2660 tta·
777 2607 885 2658 aaran
901 2605 1077 2673 euplcrlr'anr.
1091 2601 1137 2668 2⁹,
1152 2603 1180 2669 0,
1195 2605 1246 2662 83.
1261 2609 1319 2660 ite·

321 2693 364 2745 lac
380 2693 468 2744 ouium
486 2691 603 2742 calidum
620 2689 742 2759 (valet),
759 2689 1032 2761 praecerpuntque·
1048 2690 1180 2758 lameth
1198 2717 1239 2730 -·
1277 2691 1319 2745 li-

323 2778 415 2832 ὸονίπί.
433 2775 477 2840 30,
494 2772 521 2840 2,
540 2775 583 2832 10.

339 2875 553 2945 tl.'Gellius.
577 2879 635 2952 19,
666 2879 716 2944 10.
747 2885 860 2940 narrat
892 2875 927 2940 in
960 2875 1121 2939 concione
1158 2875 1321 2942 virorum

252 2964 435 3030 doctorum
466 2961 644 3050 aliquando
688 2962 916 3048 quaestionem
950 2960 1133 3040 institutam
1170 2983 1252 3028 esse
1282 2964 1322 3028 de

251 3049 493 3138 significatione
514 3059 547 3114 et
569 3070 632 3113 usu
653 3046 742 3112 verbi
765 3059 1065 3150 praeterpropter:
1093 3046 1187 3134 quod
1213 3071 1322 3136 qaum

250 3145 337 3204 unus
362 3159 405 3202 ex
428 3137 543 3202 amicis
567 3135 746 3198 Frontonis
767 3157 802 3199 111
814 3132 1019 3222 designando
1040 3132 1205 3221 pecuniae
1225 3157 1322 3200 sum·

250 3235 316 3314 pta
347 3223 388 3290 ad
420 3244 506 3310 opas
533 3220 669 3306 aliquod
695 3219 936 3286 absolvendum
963 3219 1147 3286 necessario
1173 3219 1321 3286 dixisset

116 3353 130 3384 s
245 3320 532 3400 praeterpropter
555 3307 631 3371 alia
652 3306 921 3394 quinquaginta,
944 3306 1047 3386 viros,
1067 3307 1122 3392 qni
1145 3305 1322 3386 adessent,

250 3399 292 3463 de
308 3396 469 3462 vocabulo
484 3394 548 3459 isto
565 3393 695 3492 plebeio
718 3403 751 3458 et
774 3394 815 3458 ab
833 3391 1011 3480 opificibus
1036 3393 1156 3456 usitato
1208 3393 1323 3458 anesi-

250 3486 345 3551 viese.
381 3483 507 3546 Fronto
524 3503 613 3545 earm
629 3489 810 3567 postquam
832 3487 1086 3558 memoraverat,
1109 3495 1193 3544 roca
1225 3479 1321 3544 ulum

137 3627 138 3636 ,
249 3592 322 3636 non
343 3591 414 3634 esee
436 3567 670 3644 dehonestum,
696 3564 754 3632 aed
780 3589 800 3631 a
829 3564 877 3631 M.
906 3566 1032 3630 Getone
1051 3573 1085 3628 et
1106 3585 1125 3628 a
1148 3563 1212 3629 M..
1231 3567 1322 3630 Var-

250 3679 335 3722 rone
357 3667 429 3720 eta
459 3654 617 3740 pleraque
643 3661 750 3716 aetate
774 3651 947 3740 superiore
973 3659 1011 3714 nl
1031 3649 1269 3716 neceesarium
1293 3657 1323 3715 el

248 3743 389 3808 latinum
406 3739 574 3816 unitatum,
593 3735 876 3804 lautiusculam
895 3735 1088 3816 admonuit,
1107 3735 1146 3800 in
1161 3746 1321 3824 tragoe-

249 3827 313 3893 elia
327 3849 455 3916 quaque
472 3825 515 3908 Q.
530 3823 653 3902 Ennii,
674 3845 762 3912 quae
779 3823 968 3912 Iphigenia
993 3821 1164 3907 inacrepta
1188 3834 1260 3894 eat.
1286 3818 1324 3886 id

153 3967 155 3974 .
248 3915 374 4002 iprum,
392 3913 435 3978 de
449 3933 513 4000 quo
535 3907 773 3998 quaerebatur,
786 3913 962 3997 'seriptum
980 3929 1063 3989 ereo,
1085 3919 1119 3973 el
1140 3931 1165 3972 a
1180 3929 1322 3996 gram-

248 4000 388 4066 maticis
418 3995 654 4066 contaminari
681 3996 801 4084 mugio
831 3996 1107 4148 aoawqupam
1130 3993 1321 4062 enarrari·

1034 4079 1178 4146 altino.-
1213 4098 1322 4171 qeeum

249 4085 376 4154 Ennius
401 4085 442 4152 de
468 4084 579 4150 otioeo
613 4081 716 4148 dixit:
752 4083 841 4150 imur
863 4083 940 4163 aue,
