2858 4714
4 3813 24 3848 μ

439 277 571 347 usur.
616 277 910 366 ueovsovsu.
1138 283 1201 348 sss

148 450 278 516 docent.
328 417 510 540 llntiquuns
535 443 732 517 vocabulum
763 433 985 518 arimenum
1016 449 1068 514 vel
1097 431 1195 516 etiam

148 535 303 601 crassiori
322 560 408 602 sono
432 554 580 602 reuersum
609 538 665 618 (ita
690 537 951 603 lunitrs'invenit
973 535 1005 599 in
1029 536 1197 602 codicibus

146 619 262 704 Nonii)
292 623 519 711 compositum
545 633 652 688 extre
674 633 707 687 et
731 644 824 688 urim.
867 623 1063 709 Comparari
1089 633 1199 710 potest
1279 645 1284 662 ¹

147 729 304 796 graecum
319 705 360 792 μὴ
380 714 457 788 νῦν,
481 705 572 796 quod
598 730 673 773 eum
698 708 896 798 imperativo
921 710 1077 796 coniungi
1103 709 1197 786 solet,

147 797 303 859 nontam
319 796 482 883 temporis
501 789 727 878 definitionem
749 791 907 870 exhibens
925 812 1024 894 quam
1049 795 1199 882 negatio-

146 904 226 948 nem
242 876 434 947 intendensz
482 879 562 944 uare'
577 877 737 945 Monkius
752 879 852 946 scribi
868 883 961 944 iussit
977 875 1018 962 μή
1036 887 1105 953 νῦν.
1126 881 1208 962 syl:

147 967 222 1033 laba
242 966 415 1053 producta.
449 903 600 1052 tlurtptd.
616 966 685 1030 Ale.
701 969 798 1031 1087.
820 963 935 1049 pulvis
949 963 1117 1049 duiapatl',
1138 955 1198 1033 ἄλλ’

147 1055 306 1134 ἐναισίμως
328 1052 411 1138 φέρε.
448 1053 556 1136 Atque
571 1050 651 1115 illud
667 1074 793 1116 uenum
810 1047 1049 1118 restituendum
1070 1061 1140 1118 erat
1164 1051 1198 1117 in

147 1139 253 1202 Plauti
275 1136 365 1201 loco.
409 1133 473 1200 Sed
497 1136 606 1201 littera
627 1159 663 1202 m
697 1131 802 1204 liaalis
832 1131 1068 1219 omittebatur,
1097 1146 1132 1201 ut
1164 1137 1198 1203 iu'

42 1223 46 1235 '
147 1221 261 1288 multis
280 1220 375 1287 aliis.'
406 1218 487 1286 Vide
515 1217 709 1287 Schneideri
733 1222 989 1288 GrammatsT.
1014 1223 1044 1286 l.
1067 1243 1101 1312 p.
1120 1227 1199 1289 ⁴857.

148 1307 265 1372 Lucilii
297 1321 431 1392 versum
459 1306 736 1372 emendaverunt:
768 1306 831 1373 sed
854 1301 1059 1377 tamen'lroc
1089 1307 1199 1387 dieas,

147 1391 231 1482 quid
259 1403 330 1473 est,
358 1392 392 1456 si
415 1397 515 1456 uenu’
537 1391 717 1458 molestum
740 1389 820 1459 est?
832 1429 844 1454 x
861 1393 1006 1482 Scaliger
1031 1393 1199 1482 quidhoc

148 1489 217 1551 est,
245 1477 358 1542 Dousa
381 1475 549 1566 quidnam
572 1489 632 1543 cst.
684 1479 791 1550 Varro
815 1475 855 1543 ad
878 1472 1006 1544 Folium
1032 1479 1090 1564 (ita
1108 1489 1200 1566 reete

149 1563 225 1628 eod.
249 1561 364 1649 guelf.)
386 1562 554 1650 scripsisse
581 1563 728 1630 rideturs
758 1565 790 1629 si
810 1564 914 1630 hodie
941 1583 1066 1630 nentem
1096 1565 1200 1647 senis,

150 1671 228 1714 eras
246 1647 383 1734 quidem
397 1648 430 1713 si
447 1649 576 1714 veneris
595 1649 751 1730 meridie,
772 1649 831 1716 die
844 1648 962 1716 natali
973 1650 1092 1716 Fortia
1107 1647 1199 1716 Far-

148 1747 265 1800 tuuae.
306 1735 456 1822 Guyetus
478 1744 516 1798 ut
531 1735 710 1800 verborum
732 1744 931 1802 structuram
948 1736 1138 1836 expediret,
1164 1737 1198 1800 in

99 1898 105 1902 ,
149 1821 288 1888 Terent.
303 1817 389 1884 Eun.
409 1825 439 1899 1,
458 1825 487 1898 1,
501 1825 534 1885 7.
554 1822 713 1886 coniecit:
735 1831 837 1909 atque
850 1821 908 1887 udi
919 1833 998 1908 puts
1015 1845 1086 1890 nou
1125 1833 1197 1886 atc-

110 1965 115 1974 ,
147 1909 225 2005 νιὶςἸ
245 1927 346 1993 prtum
366 1928 457 1970 neue
481 1919 637 1992 expetet,
660 1901 791 1994 insecta
814 1930 905 1993 pace
935 1906 1025 1973 ultro
1049 1845 1198 1974 eriperem

146 2009 277 2060 remus.
321 1990 387 2055 Sed
405 1990 495 2069 vide,
517 2009 602 2079 quae
618 1991 873 2058 Westerhorius
887 1993 1139 2059 demonstrarit.

155 2183 159 2196 Ι
249 2109 486 2166 Weissenboruius
505 2109 534 2166 ln
550 2113 703 2169 Grammet.
731 2129 757 2182 ιι.
780 2109 842 2166 lst.
863 2125 977 2170 meust
998 2131 1058 2170 osse
1077 2112 1143 2169 dicit
1167 2131 1200 2204 ne

215 2215 323 2264 cecam,
339 2213 371 2250 uc
385 2213 472 2250 uuum.
1180 2213 1182 2224 ·

451 2375 887 2501 NEQVAQVAM.

232 2550 276 2614 Vt
298 2548 493 2636 gravitatem
509 2546 687 2614 adiicerent
708 2549 894 2636 negationi,
918 2546 1024 2613 Latini
1054 2563 1198 2635 compo·

147 2635 285 2701 suerunt
298 2659 341 2700 ue
358 2655 432 2698 eum
450 2631 611 2700 voeabula
629 2655 820 2721 quaquam,
841 2631 932 2718 quod
951 2631 1111 2718 significat
1124 2634 1198 2699 ullu

147 2718 224 2798 viu,
251 2717 456 2786 ullomodo.
500 2717 671 2806 Estigitur
693 2739 908 2806 raequuquam
937 2718 971 2782 id
994 2719 1083 2804 quod
1103 2718 1198 2784 nullo

143 2817 263 2892 pacto,
285 2801 511 2883 nullomodo,
532 2803 758 2891 germanicum
777 2803 1004 2891 heineswegs:
1024 2825 1083 2867 nee
1101 2801 1197 2886 quid·

149 2913 247 2978 quarn
267 2891 382 2955 dillert
397 2889 437 2956 ab
452 2891 741 2977 lrardqrmqrmm,
762 2891 809 2956 uti
827 2891 1017 2978 expositum
1036 2899 1084 2954 est
1106 2889 1196 2955 ¹113.

148 2999 182 3063 p.
200 2979 253 3040 40.
291 2971 548 3062 Stiirenburgius
564 2977 598 3040 in
615 2975 759 3041 editione
773 2976 935 3040 librorum
955 2975 1023 3039 Cir..
1043 2975 1196 3040 deOlfie.

148 3085 179 3148 p.
192 3065 263 3127 156.
280 3061 425 3126 affirmat
438 3059 691 3126 fundamentum
709 3061 806 3126 huius
825 3059 973 3125 vocabuli
987 3084 1056 3124 esse
1072 3083 1115 3125 ne
1130 3085 1198 3145 qrru

145 3157 250 3233 purte
277 3170 395 3236 quum,
428 3169 488 3213 nee
513 3145 576 3212 dici
601 3169 664 3234 pro
694 3170 737 3212 oe
760 3143 1076 3235 quiuquam‘partc:
1107 3147 1196 3233 quod

149 3255 210 3320 ego
226 3254 295 3298 non
310 3232 470 3320 intelligo,
492 3254 552 3296 nec
569 3241 715 3298 veterum
732 3233 918 3318 quisquam,
941 3235 968 3296 si
985 3231 1122 3312 adesset,
1144 3233 1198 3298 io-

149 3310 340 3384 telleeturus
364 3330 458 3383 esset.
502 3319 587 3382 Cum
608 3317 767 3383 vocabulo
793 3318 969 3404 quisquam
992 3319 1088 3382 etiam
1113 3341 1197 3404 quea·

149 3425 252 3490 peram
277 3415 325 3468 est
348 3415 475 3469 natum.
520 3405 635 3467 Cicero
658 3403 719 3467 hac
747 3403 904 3490 particula
929 3404 1072 3467 maxime
1096 3405 1198 3466 utitur

150 3487 303 3554 derebus
320 3511 389 3552 non
410 3489 562 3576 peribus,
584 3511 644 3553 nec
666 3489 753 3552 iuter
775 3511 809 3552 se
828 3487 1082 3573 comparandis„
1116 3489 1196 3554 Sae-

148 3599 192 3664 pe
217 3586 469 3663 componuntur
493 3574 591 3639 verba
615 3597 829 3662 nequaquam
846 3575 951 3649 setis,
982 3597 1090 3662 nequa
1115 3593 1198 3637 raum

149 3672 297 3728 tautum.
333 3660 482 3760 ‚Semper
496 3661 663 3748 praeeedit
679 3660 837 3748 particula
855 3661 902 3743 ei,
924 3659 963 3724 ad
981 3659 1072 3746 quod
1090 3595 1196 3734 iller-

150 3759 387 3829 tur,nom1nt.

252 3868 342 3920 Pluut.
358 3868 420 3920 (luc.
440 3863 467 3929 3,
481 3862 507 3928 2,
521 3861 548 3915 4.
568 3875 637 3916 caue
659 3864 725 3916 adca
741 3880 905 3932 usquequam
927 3854 1072 3922 errassem,
1093 3875 1126 3911 ue
1144 3846 1198 3934 'pua

216 3952 399 4022 ignavissumis
415 3951 488 4004 liberi
502 3951 553 4002 laci
567 3955 679 4017 potestas
695 3939 729 3999 sit
745 3949 835 4000 vetulis
847 3947 997 4000 vervecibus.
1031 3943 1109 3996 Tria.
1127 3939 1155 4005 2,
1168 3941 1195 4002 4,

128 4025 135 4036 ’
215 4037 259 4100 dli.
277 4052 440 4104 usquequam
457 4033 648 4114 urgeatiralio
662 4029 908 4102 compareamus.
943 4030 1032 4084 Poeta
1047 4027 1117 4096 apud
1137 4015 1195 4079 (lic.

217 4122 252 4180 tls
264 4122 327 4176 Not.
343 4121 368 4174 d.
384 4117 411 4184 a,
425 4117 470 4186 25,
481 4115 525 4172 tit».
542 4135 706 4190 aemesam
728 4118 792 4170 istac
811 4118 878 4170 istae
898 4114 955 4168 itu.
990 4114 1048 4170 Cic.
1070 4113 1098 4169 lu
1120 4109 1196 4166 Vere.

522 4205 531 4232 f
583 4214 585 4218 .
