2830 4712
518 213 672 344 ΙΝΕ.
866 285 868 292 “
1124 283 1268 348 Pl*⁸

105 450 161 514 tim
176 463 347 538 'apparere
372 446 406 511 in
426 447 696 534 -pronominibus
729 457 762 514 et
794 448 827 513 in
862 441 1165 532 coniunctionibus,

106 535 222 623 quibus
240 533 319 599 addi
335 533 459 597 soleret
472 555 526 598 ne.
569 533 616 598 lta
633 535 766 620 quidem
784 534 965 607 Turnebus
986 534 1019 600 in
1039 535 1167 601 Adver-

105 627 218 702 sant,
238 626 292 685 10.
344 619 415 683 Nos
437 617 564 704 singula
590 621 844 708 perpendamus.
886 622 994 720 Atque
1016 622 1166 704 primurn

106 709 238 775 additur
270 705 415 771 relativis
447 707 705 791 pronominibus
740 717 911 772 eontracta
939 729 974 770 in
1005 710 1166 776 oratione.

105 795 188 858 Nam
206 813 271 881 pro
296 813 355 863 eo,
380 791 469 876 quod
486 791 662 859 dicendum
682 803 763 894 prat,
786 805 879 860 estne
893 792 969 864 itte,
992 793 1059 892 qui,
1085 805 1166 860 tuno

106 905 155 957 es,
189 878 264 966 qni.
296 875 403 941 Latini
429 875 603 953 dixerunt,
630 903 749 968 quine.-
772 878 863 978 quod
887 878 1006 944 maiori
1032 880 1164 945 numni

105 963 334 1031 admirationis
349 962 623 1048 pronuntiabant.
667 966 832 1051 Cruqurus
855 964 895 1028 ad
911 965 1026 1028 Horat.
1044 966 1113 1030 Sat.
1133 971 1163 1045 1,

106 1059 154 1129 10,
182 1055 237 1115 20.
270 1049 468 1113 atticismum
493 1048 638 1136 appellat
668 1061 700 1114 et
729 1053 829 1139 quine
852 1072 929 1115 cum
957 1073 1074 1139 graeco
1102 1053 1164 1136 οἵγε

105 1145 290 1224 comparat,
313 1136 533 1220 interpretans
548 1136 606 1222 qui
619 1137 742 1223 utique,
765 1138 822 1224 qui
836 1149 936 1200 certe.
979 1135 1163 1204 Enmdem-
1270 1137 1274 1152 ’

104 1246 166 1311 que
183 1232 336 1287 naturam
355 1215 575 1306 emphaticam
594 1233 822 1309 cognoverunt
842 1223 1013 1286 Porsenna
1034 1222 1073 1288 ud
1092 1223 1162 1288 Eu-

105 1309 203 1398 ripid.
231 1305 359 1371 Hecub.
382 1328 416 1392 p.
434 1309 487 1370 54.
519 1317 551 1370 et
576 1307 733 1393 Reisigins
762 1308 794 1371 iu
822 1308 1013 1371 Comment.
1037 1304 1069 1372 in
1095 1309 1162 1372 So·

104 1394 218 1485 phocl.
238 1392 323 1456 Oed.
347 1414 382 1478 p.
401 1394 454 1454 78.
497 1392 580 1458 Vide
597 1394 695 1457 etiarn
718 1393 873 1456 Grotium
893 1402 925 1457 et
941 1392 1161 1479 Oudendorp.

106 1483 142 1546 ed
161 1481 285 1544 Lucan.
307 1483 338 1552 7,
354 1481 427 1542 501.
451 1477 633 1544 Acidalium
660 1489 690 1542 et
714 1477 971 1542 Taubmannum
995 1479 1035 1544 ad
1058 1479 1162 1544 Plaut.

107 1565 200 1654 Epid.
225 1566 257 1637 5,
275 1569 308 1640 2,
326 1564 378 1628 64.
413 1561 571 1628 Bnthium
594 1564 634 1628 ad
659 1564 761 1630 Plauti
786 1565 949 1629 Anteae.
980 1563 1161 1630 Priscianus
1221 1631 1223 1640 χ
1328 1580 1335 1592 ·

110 1657 159 1715 16.
178 1675 211 1737 p.
241 1653 335 1713 1032.
363 1647 418 1733 qui
436 1649 547 1716 omnia
572 1651 720 1728 misbuit,
746 1653 841 1716 etiam
860 1649 1085 1736 Doeltingium
1109 1651 1162 1715 in·
1191 1647 1193 1658 '

6 1791 7 1798 ,
114 1737 217 1816 duxit,
247 1745 285 1798 ut
308 1733 486 1821 particulae
508 1736 667 1808 tribueret:
690 1738 756 1800 vim
779 1735 923 1823 aliquam
957 1734 1162 1801 confirmati-

6 1845 7 1856 *
113 1844 194 1901 ram,
232 1833 331 1907 atque
354 1819 474 1883 diceret
496 1843 558 1908 per
579 1845 621 1887 ue
643 1821 938 1910 interrogationem
967 1821 1160 1901 confirmari

7 1911 8 1918 ’
74 1975 76 1984 ,
110 1920 162 1973 aut
187 1905 462 1996 ponderosiorem
493 1906 598 1970 reddi.
656 1905 764 1972 Immo
799 1908 1010 1974 dubitationis
1041 1918 1161 1974 natnra

70 1987 73 1996 ’
110 1997 202 2060 etiam
228 1991 263 2056 in
294 1991 345 2055 his
370 2003 517 2078 apparet.
575 1991 660 2056 Nam
694 2015 798 2080 quum
830 1993 953 2081 aliquid
987 1994 1160 2071 miramur,

108 2081 168 2145 sire
184 2079 228 2142 ob
246 2079 508 2164 magnitudinem
529 2079 596 2142 sive
613 2079 656 2141 ob
677 2080 886 2144 insolentiam
904 2079 1158 2146 addubitamus

109 2165 272 2232 affirmare
289 2164 337 2235 vel
355 2162 506 2243 credere,
532 2175 587 2226 nut
604 2162 802 2230 haesitamus
821 2167 853 2230 in
873 2167 942 2254 ipsa
959 2165 1158 2252 quaestione.
1192 2204 1194 2214 ·

108 2253 171 2316 Nos
195 2248 353 2316 Germani
379 2249 504 2313 utimur
527 2248 633 2314 verbis
656 2273 690 2314 es
714 2253 758 2316 ist
784 2251 871 2316 doels
900 2249 1020 2316 uiolet?
1060 2253 1159 2318 Cete-

108 2360 178 2402 rum
197 2346 327 2424 praeter
344 2335 487 2398 comicos
504 2334 565 2398 hae
585 2334 694 2401 forma
712 2337 866 2424 loquendi
883 2348 1027 2402 utuntur
1041 2346 1158 2424 poetae
1192 2369 1194 2379 ι

108 2425 140 2488 in
156 2421 360 2488 orationibus
377 2426 418 2482 ex
429 2424 538 2485 animo
552 2420 776 2487 vehementius
794 2434 964 2488 commoto
983 2421 1157 2512 profectis}

108 2509 138 2574 id
165 2507 254 2596 quod
280 2505 488 2592 Doellingins
512 2506 594 2571 bene
617 2507 814 2573 observavit.
870 2509 1028 2573 Oratores
1055 2508 1158 2572 absti-
1213 2574 1217 2582 ,

108 2607 200 2659 nent:
222 2593 308 2680 apud
331 2591 476 2676 reliquos
493 2594 669 2680 scriptores
688 2615 790 2678 pauca
806 2597 1018 2658 inveniuntur
1042 2614 1158 2658 exem·
1258 2636 1263 2658 .

131 2682 176 2746 la:
198 2703 259 2746 nec
275 2678 353 2742 latet
370 2698 488 2742 caussa.
532 2679 643 2744 Critioi
669 2691 779 2742 autem
797 2679 965 2743 interdum
980 2677 1157 2747 substitue-

107 2705 304 2854 bant‘quin,
343 2763 387 2826 ob
422 2764 561 2830 similem
593 2762 832 2850 significatum:
871 2765 1000 2852 saepius
1026 2763 1091 2828 hon
1123 2765 1157 2836 in
1194 2765 1203 2768 “

111 2854 203 2942 quine
221 2849 414 2948 mutabant,
436 2847 610 2936 elegantiae
627 2851 771 2938 quodam
789 2849 936 2915 nomine.

205 3024 297 3076 Plaut.
314 3019 394 3089 Epid.
409 3018 435 3086 b,
452 3019 478 3087 2,
493 3017 536 3074 54.
556 3039 661 3089 quemne
677 3022 753 3074 bodie
770 3039 817 3090 per
836 3023 924 3074 urbem
944 3027 1051 3088 uterque
1069 3037 1158 3075 summ

172 3103 1060 3174 1141εεί111111σῖ11.(1111111111011111111111,1110111111.
1095 3105 1157 3158 Mil.
1253 3097 1256 3105 ¹

171 3193 197 3258 1,
213 3193 238 3256 l,
254 3190 298 3243 13.
317 3207 422 3258 quemne
437 3209 487 3261 ega
501 3191 608 3243 servavi*
620 3192 649 3242 in
663 3191 784 3262 campis?
816 3191 888 3242 Rud.
907 3189 933 3252 l,
949 3185 975 3254 5,
991 3186 1033 3240 14.
1056 3207 1158 3257 quaerre

104 3263 108 3284 ⁹
173 3280 265 3331 eiectae
281 3292 295 3327 e
310 3274 380 3326 mari
397 3291 485 3327 summ
510 3274 626 3348 arabae?
648 3274 667 3327 i.
684 3292 708 3326 e.
725 3275 790 3328 doris
806 3276 880 3327 nieht
893 3276 961 3337 wir,
980 3275 1022 3326 die
1036 3276 1085 3327 wir
1099 3291 1156 3326 unm

96 3397 97 3405 κ
174 3364 259 3416 Meere
281 3377 331 3412 nas
354 3359 432 3410 Lana
455 3361 590 3428 gewnrfen
610 3349 740 3412 mordent
774 3358 886 3410 Terent.
904 3357 988 3410 Andr.
1009 3357 1035 3422 4,
1054 3353 1086 3424 ¹4,
1113 3354 1156 3410 29.

172 3463 274 3516 peremne
296 3461 348 3512 ego
373 3443 432 3496 lteri
452 3445 504 3495 aidi
527 3445 564 3495 nd
585 3461 629 3495 uos
645 3442 751 3509 adferri
772 3440 895 3510 uesperi?
922 3441 941 3494 i.
959 3458 983 3495 e.
1001 3448 1065 3506 tune
1085 3434 1156 3494 'dieis

170 3547 249 3603 eum,
267 3542 351 3596 quem
374 3543 426 3595 ego
448 3527 507 3580 vidi
528 3526 591 3580 heri
609 3528 644 3580 ad
662 3516 714 3592 ros*
736 3525 862 3579 adferri?
895 3527 1008 3581 Phorm.
1029 3526 1054 3594 5,
1069 3527 1097 3593 ’1,
1111 3527 1156 3580 28.

170 3615 214 3667 sed
234 3613 322 3668 trunti
338 3613 411 3664 sudes
432 3614 468 3664 orl
484 3617 596 3679 sorum,
621 3621 698 3680 atque
723 3612 790 3664 illud
808 3611 874 3664 mibi
895 3621 1035 3686 argentum
1052 3629 1156 3665 rursum

169 3697 364 3761 interessent,
385 3697 516 3749 lerrnr's.
550 3713 598 3748 un.
634 3697 738 3764 Quodne
757 3713 807 3765 ego
826 3697 965 3766 perscripsi
989 3715 1065 3766 porra
1092 3696 1155 3759 illis,
1187 3725 1197 3739 κ
1237 3693 1245 3704 ”

171 3783 258 3850 pun
273 3780 372 3833 nass?
395 3778 416 3832 1.
433 3766 464 3831 0.
486 3781 551 3833 aava
573 3781 646 3833 ..au
668 3781 729 3847 aaa,
748 3797 802 3832 aa.
816 3781 859 3833 aa
875 3781 976 3833 mera..
992 3781 1161 3850 stratego..
1246 3834 1250 3840 ,

171 3863 430 3936 sogessissenlrnbe?
463 3862 673 3938 1111115111,
689 3862 731 3928 10,
748 3863 792 3916 21.
810 3883 824 3917 ο
839 3865 890 3917 seri
902 3865 1064 3934 stadiorum!
1079 3865 1155 3932 quiae

168 3949 268 4018 putatis
277 3949 386 4018 difficile
400 3953 425 4001 et
439 3949 560 4013 minum,
569 3951 672 4003 Rhodio
686 3946 754 4018 qnod
771 3949 929 4003 Pitholeonti
946 3948 1076 4018 contigit?
1093 3947 1113 4000 i.
1128 3965 1168 4006 e„

170 4033 210 4085 ilrr
229 4035 324 4106 glonbt
340 4034 410 4086 ‘deols
430 4033 520 4096 aletur,
545 4036 607 4101 dass
629 4050 656 4088 ss
676 4043 758 4088 etwas
779 4037 882 4104 grossos
901 4035 957 4086 aad
971 4034 1155 4094 unaderbnrer

172 4118 232 4190 rep?
264 4119 325 4176 Non
340 4121 418 4172 reete
428 4115 626 4201 interpretetur
640 4113 832 4186 Heindorltus‚
850 4123 879 4174 et
896 4115 1078 4174 restituendus
1093 4120 1153 4170 eret
