2894 4716
304 292 370 358 242
779 285 878 358 NiSl.

408 459 484 516 titre
502 457 545 512 ert
559 455 696 514 sententie
714 457 853 514 Waltheri
869 458 906 514 etl
919 455 1013 514 Tceit.
1029 457 1099 515 dnn.
1114 459 1143 525 Ε,
1160 457 1206 516 ω.
1220 463 1354 531 exposito,

374 543 484 614 ellipsin
501 560 553 596 non
572 543 599 596 in
618 545 679 610 nisi,
698 545 744 597 sed
764 543 792 597 in
816 547 841 599 ei
866 563 927 599 esse
946 545 1146 613 quaerendem,
1167 553 1197 600 et
1214 564 1299 616 quum
1313 547 1354 602 di-

292 651 295 658 *
374 638 420 685 cet
436 629 550 682 Tacitus
567 629 637 682 dun.
653 628 679 698 u,
694 628 738 682 25.
754 633 806 684 uiri
819 633 844 684 ci
859 632 969 702 negatis
985 632 1117 684 elimentis
1131 632 1304 686 adsimulatus
1316 641 1355 690 est

367 718 445 786 fluis,
462 731 523 770 esse
542 730 670 768 sensum:
696 714 759 779 nisi,
775 715 801 769 si
819 717 892 770 forte
910 732 962 770 non
987 717 1131 781 vuluntate
1156 715 1288 772 exstincte
1305 724 1354 784 est,

372 801 556 856 adsimulatus
576 805 618 852 est
633 800 702 854 iiuis.
736 799 792 854 Nec
811 817 855 866 ca,
871 816 943 871 quse
959 799 1089 854 Bremius
1113 801 1150 856 ud
1173 800 1284 856 Comei.
1299 801 1354 862 tu,

287 885 291 901 s
372 885 418 939 18.
436 885 558 950 tradidit,
577 882 726 954 quidquem
745 885 880 940 efficiunt.

377 1057 444 1118 22.
483 1049 618 1116 'Accede
641 1050 682 1116 ud
707 1052 964 1134 dimicensem,
994 1049 1172 1138 inquibus
1196 1053 1354 1136 proemis-

305 1159 361 1203 sue
383 1137 553 1224 negationi
568 1136 639 1202 nisi
657 1139 699 1202 itu
717 1137 910 1225 respondet,
936 1147 974 1202 ut
994 1137 1034 1202 ud
1051 1138 1097 1216 id,
1120 1139 1210 1223 quud
1226 1139 1352 1226 excipi-

306 1235 371 1303 tur,
395 1223 660 1288 constituendum
694 1245 752 1312 per
785 1223 953 1308 duplicem
979 1223 1190 1306 negotionem
1214 1245 1355 1312 progre-

305 1311 452 1374 diamur:
475 1309 576 1374 veluti
599 1308 688 1374 uiuit
704 1347 748 1359 -
769 1309 849 1390 nisi,
870 1332 939 1374 non
961 1308 1114 1374 uliud-
1133 1309 1214 1389 nisi,
1236 1333 1354 1374 nou-

291 1396 393 1477 nisi,
423 1394 507 1482 quid
529 1392 624 1460 nisi?
664 1396 714 1459 lle
747 1394 786 1458 iis
816 1405 946 1480 praeter
975 1397 1210 1481 grammaticae
1239 1405 1354 1460 sucto-

258 1514 262 1524 ¹
304 1481 791 1564 resdisscrueruntHerzogius
808 1479 972 1545 invlibetlo
989 1503 1086 1570 saepe
1101 1504 1119 1544 u
1136 1503 1190 1546 me
1209 1480 1352 1558 luuduto,

305 1579 338 1634 et
361 1567 535 1654 Kriigerus
550 1567 582 1630 in
603 1567 791 1630 Comment.
807 1566 848 1630 de
868 1565 1035 1632 formulae
1055 1567 1145 1632 nillil
1169 1565 1353 1718 uliuddlu-

305 1677 380 1719 cere
409 1675 513 1742 quum
540 1652 592 1717 uel
616 1651 685 1716 uisi
713 1675 790 1716 usu.
833 1653 1034 1740 Brunsvigue
1058 1676 1086 1717 u.
1122 1655 1216 1717 1888.
1255 1653 1353 1717 citu.

285 1743 451 1826 ¹Vterque
476 1737 680 1824 exceptionis
702 1739 878 1802 notionem
894 1739 1060 1822 agnoscit:
1088 1737 1272 1825 Herzogius
1293 1759 1355 1803 uu-

304 1834 386 1904 tem,
408 1824 492 1888 bene
506 1823 692 1910 intelligens
712 1845 848 1888 omnem
862 1825 1024 1888 rationem
1042 1823 1192 1888 vocabuli
1206 1823 1277 1888 uisi
1289 1845 1355 1911 po-

217 1995 219 1998 ,
305 1912 404 1977 situm
431 1931 500 1974 esse
530 1910 564 1973 in
597 1908 798 1994 cogitatione
820 1917 855 1972 ei
882 1910 1002 1974 iudicio
1026 1909 1220 1998 scriptoris.
1257 1920 1355 2010 pote-

306 2006 389 2061 state
410 1995 572 2060 monendi
596 2005 629 2058 et
648 1994 875 2081 praecavendi,
898 2017 982 2082 quac
1010 1995 1098 2074 insit,
1119 1994 1154 2062 id
1179 1993 1266 2060 efficr
1288 2005 1356 2084 pu-

304 2091 374 2163 tat,
403 2092 441 2146 ut
467 2079 669 2168 significetur
696 2103 766 2144 nun
797 2080 858 2146 ulie
888 2081 1081 2148 conditione
1109 2103 1181 2146 rem
1212 2079 1356 2168 uliquum

306 2189 388 2246 esse,
410 2165 474 2230 nisi
496 2189 544 2248 eo,
570 2187 668 2252 quom
690 2167 838 2254 scriptor
858 2188 919 2232 sue
947 2167 1070 2232 iudicio
1094 2177 1214 2232 statuat
1237 2177 1271 2230 et
1293 2189 1356 2256 up-

304 2253 507 2342 pro'baverit.
560 2254 637 2333 Quo
664 2273 793 2331 vercor,
826 2261 864 2314 ut
886 2253 956 2339 ipsu
981 2253 1135 2321 dictionis
1172 2252 1268 2318 huius
1294 2274 1380 2317 nu··

304 2349 380 2404 turc
397 2325 598 2426 explicetur:
616 2360 695 2402 num
712 2338 800 2426 quod
820 2329 911 2403 uddit
929 2337 987 2404 ille
1003 2343 1101 2438 p.19.
1117 2339 1187 2404 nisi
1205 2361 1275 2404 esse
1290 2361 1357 2426 po·

304 2425 413 2490 nentis
437 2435 470 2490 et
490 2423 702 2503 intendentis,
723 2425 792 2489 sive
813 2447 853 2506 eo
876 2425 1040 2506 enitentis,
1069 2435 1105 2488 ut
1126 2425 1196 2490 uliis
1219 2445 1357 2512 quoque

254 2537 261 2548 ¹
304 2511 502 2576 sententium
523 2531 617 2574 suom
639 2511 822 2600 approbetr
845 2533 915 2597 quo
940 2509 1007 2591 fiat,
1030 2519 1068 2574 ut
1089 2509 1187 2576 huius
1211 2511 1357 2598 particu-

295 2597 356 2676 'loe
384 2596 584 2696 proecipuus
609 2596 701 2662 locus
723 2598 764 2662 sit
791 2598 825 2662 in
850 2594 1115 2662 demonstrandis
1140 2597 1198 2677 iis,
1233 2596 1357 2683 quibus

305 2681 399 2748 dubit
422 2682 560 2770 aliquid
570 2680 743 2747 inhaerere
766 2681 934 2766 videntur:
960 2682 993 2748 id
1018 2680 1102 2746 mihi
1126 2681 1261 2769 quidem
1284 2703 1357 2746 non

233 2839 237 2846 ,
304 2791 348 2834 ex
371 2769 443 2856 ipsu
469 2767 651 2856 particulare
672 2778 790 2832 nutum
818 2769 960 2854 petitum
986 2768 1127 2833 videtur.
1181 2765 1266 2832 iliud
1285 2788 1358 2831 non

303 2855 479 2934 miremur,
498 2853 661 2939 originem
678 2851 796 2916 hurum
813 2853 997 2918 dictionum
1014 2875 1076 2942 per
1090 2873 1187 2918 usum
1204 2876 1273 2920 esse
1290 2853 1358 2917 ob-

305 2943 489 3005 scuratumz
506 2960 596 3002 *num
620 2938 829 3014 coniunctio,
861 2942 944 3037 quu'e
969 2939 1009 3004 nd
1036 2938 1174 3010 verbum
1193 2941 1359 3004 omissum

213 3049 218 3052 ·
304 3023 480 3091 referende
505 3033 610 3103 esset,
651 3022 760 3088 induit
782 3047 929 3112 speciem
956 3023 1116 3090 adverbii:
1148 3035 1258 3090 tumen
1280 3023 1359 3111 pri·

303 3109 419 3188 mitiva
441 3109 619 3198 verborum
641 3107 769 3174 indoles
792 3133 862 3176 non
885 3119 1016 3197 poterut
1032 3113 1161 3198 penitus
1177 3110 1358 3196 exstingui.

303 3194 507 3283 Exemplum
524 3218 564 3280 up
592 3217 693 3260 onum
719 3195 863 3262 Sallustii
876 3196 945 3286 lug.
961 3198 1013 3274 85,
1031 3201 1084 3263 88.
1104 3195 1193 3260 nihil
1206 3197 1360 3262 metuere

303 3279 375 3347 nisi
393 3293 528 3366 turpem
568 3301 699 3346 amum.
743 3282 779 3347 Si
800 3281 880 3348 haec
902 3281 943 3348 ud
969 3281 1131 3371 originem
1145 3303 1238 3348 susm
1253 3303 1360 3346 revo-

305 3389 370 3448 cas,
402 3365 537 3432 hebebis
567 3366 653 3446 hunc
681 3369 896 3447 sententium:
925 3367 1016 3434 nihil
1043 3378 1202 3447 metuere,
1228 3367 1263 3434 id
1284 3389 1361 3432 non

305 3451 516 3540 dicipulum,
538 3452 567 3516 si
589 3453 726 3538 respicis
754 3464 888 3544 turpem
911 3453 1047 3520 fumum.
1096 3451 1161 3518 Sed
1185 3463 1222 3518 ut
1243 3452 1360 3541 dupli-

304 3549 376 3603 cate
395 3539 526 3624 negotio
552 3539 589 3604 in
613 3538 683 3604 eliis
704 3539 823 3620 verbis,
856 3539 956 3606 ueluti
977 3541 1012 3606 iu
1035 3537 1125 3606 nihil
1147 3562 1228 3617 non,
1248 3560 1359 3604 nrum-

303 3646 408 3714 quum
427 3647 497 3689 uon
518 3623 636 3690 transit
657 3625 693 3688 in
715 3623 993 3707 affirmationem,
1018 3625 1061 3692 ito
1084 3625 1182 3691 etium
1204 3625 1296 3690 nillil
1313 3659 1362 3673 -·

302 3710 384 3791 uisi,
406 3733 475 3775 uon
489 3747 532 3761 -
545 3710 618 3776 nisi
634 3719 832 3798 potestatem
858 3713 1094 3778 nanciscuntur
1120 3711 1280 3799 gravioris
1302 3708 1363 3776 af-

301 3794 514 3878 firmationis,
537 3817 623 3882 quac
645 3795 686 3862 ud
717 3789 928 3862 eximendum
951 3796 1095 3886 uliquum
1124 3819 1197 3861 rem
1215 3797 1360 3860 attinet:

303 3882 399 3970 quusi
427 3885 499 3972 quis
527 3882 649 3968 cogitet
667 3901 706 3946 re
735 3903 812 3948 veru
833 3893 991 3964 metuere,
1020 3883 1047 3948 si
1069 3892 1205 3971 turpem
1228 3877 1363 3946 fumum

227 3967 239 3994 '
302 3989 355 4033 res
382 3967 510 4035 icimus.
565 3969 674 4054 Atque
699 3965 776 4033 hinc
810 3968 909 4035 etium
939 3967 1145 4056 intelligitur,
1177 3965 1362 4054 quomodo

302 3989 403 4120 vedu
416 4053 507 4119 nihil
518 4052 598 4134 nisi,
620 4073 708 4140 quae
725 4075 788 4142 pro
803 4075 870 4120 unc
888 4055 950 4120 dici
965 4053 1127 4136 videntur,
1144 4063 1177 4120 et
1190 4075 1257 4119 uon
1272 4053 1365 4132 uisi,

302 4137 397 4230 quud
417 4149 468 4206 est
482 4137 603 4247 sulum,
621 4139 663 4208 eb
683 4138 735 4209 his
749 4141 831 4232 ipsis
846 4140 1011 4209 differunt.
1049 4141 1140 4209 Haec
1157 4141 1247 4208 enim
1262 4139 1364 4206 indi-
