2846 4718
481 291 489 300 ·
585 277 697 348 unu.
1106 279 1173 350 rot

188 428 1173 536 muntemmmfflumsumnoou,m

189 545 217 594 05
234 539 261 594 iii
277 539 355 593 eima

225 661 305 732 Quod
324 661 354 716 in
371 661 461 717 nitore
477 657 631 716 sententies
645 663 725 732 purte
744 674 826 730 osopo
842 657 973 729 leguntur·
988 659 1076 716 vorin
1093 667 1171 732 totu,

187 751 333 813 aarum,
355 751 467 814 omnino,
486 763 540 802 uon
559 745 659 800 atinde
679 746 778 802 ὀαιιιια
797 745 837 810 nt,
852 760 934 812 quum
952 765 1006 816 qun
1022 747 1173 818 singulari·

147 833 150 838 ’
189 853 237 890 ror
253 833 401 902 opponitur
418 833 548 888 universo
566 829 671 901 generi.
704 829 778 906 vtte
793 829 851 884 Cic.
868 831 903 886 od
922 831 999 886 Foru.
1025 833 1051 902 9,
1066 834 1108 900 15,
1126 834 1171 888 ld.

188 937 216 990 p.
231 919 327 987 Quint.
344 917 388 982 24,
405 917 448 971 ii.
467 919 502 972 de
518 915 642 981 Omen,
667 913 711 983 41,
730 912 792 966 1¹15.
813 913 888 969 verr.
908 915 992 982 ΗΒ,
1010 918 1071 972 1ttt.
1093 919 1173 975 ortti-

189 1005 234 1070 68,
252 1003 313 1058 22ἷ.
348 1003 464 1072 (notem
479 1001 562 1056 modo
586 1000 643 1054 cic.
671 1001 704 1054 do
726 999 804 1070 Lego
828 1015 921 1070 ugron.
944 1001 971 1067 2,
997 1001 1041 1069 58,
1058 1003 1101 1058 ill.
1118 1023 1172 1059 non

189 1091 249 1143 dico
265 1091 369 1156 sactum
391 1091 439 1143 red
463 1089 566 1142 omniuo
589 1086 787 1156 excogitatum.)
825 1087 903 1141 cort.
927 1085 1014 1156 5,11,
1038 1087 1081 1142 15.
1100 1087 1172 1160 5,8,

188 1173 233 1228 10.
255 1173 331 1230 Flos.
349 1171 376 1238 1,
395 1173 439 1240 16,
456 1173 484 1226 8.
513 1172 611 1228 Seuer.
630 1169 664 1223 do
681 1170 768 1224 ciem.
785 1170 812 1236 2,
829 1168 856 1236 5,
873 1170 901 1224 8.

234 1289 354 1344 Pinncns
372 1290 407 1343 nd
426 1289 484 1342 Cic.
511 1289 555 1355 1⁰.
585 1287 629 1357 21,
652 1287 697 1359 il.
723 1285 807 1356 (vttt)
834 1289 908 1354 utut,
932 1287 956 1342 ti
980 1289 1017 1343 ita
1038 1307 1173 1360 oppresses

189 1391 268 1428 essem
286 1393 389 1444 remque
406 1377 536 1446 publicam
550 1374 730 1444 prodidissem,
749 1380 852 1426 mortuo
868 1391 921 1426 noo
948 1375 1022 1426 ruodo
1041 1375 1172 1442 honorem,

189 1461 236 1514 red
251 1462 453 1514 mirericordiam
470 1477 567 1529 qnoque
581 1457 742 1525 defuturum.
778 1455 837 1512 utv.
852 1455 881 1523 5,
899 1457 943 1523 18,
959 1455 985 1510 ii.
999 1466 1100 1514 tontum
1113 1463 1174 1516 iudo

189 1547 293 1599 terroris
310 1563 362 1598 nou
378 1545 478 1597 Romae
498 1544 582 1610 ruodo,
602 1539 651 1612 q'uo
676 1543 812 1612 multiplex
828 1549 911 1614 sorno
930 1549 1100 1616 pervenerat,
1126 1545 1172 1600 toti

192 1629 327 1684 incastris
341 1645 438 1702 quoquo
457 1629 514 1696 snit
535 1628 571 1682 od
588 1627 671 1681 Veios.
689 1625 731 1697 28,
750 1625 776 1696 5,
794 1625 821 1684 5.

208 1787 329 1854 15.Ἰη
352 1788 401 1870 iis,
431 1805 515 1874 quue
545 1784 650 1867 attuli,
685 1787 790 1852 mixtu
820 1795 896 1850 sunt
927 1787 1079 1876 exemplo
1108 1786 1170 1854 ed-

120 1875 306 1940 ocendentis
323 1885 354 1940 et
367 1871 591 1938 descendentis
608 1873 779 1937 orationis.
800 1871 931 1938 'sumen
947 1873 1040 1954 video
1056 1896 1173 1960 grum-

121 1962 263 2026 moticos
283 1965 317 2026 in
340 1957 521 2024 contrarios
542 1969 651 2046 portes
675 1959 853 2025 discedere.
904 1959 966 2024 Alii
997 1963 1105 2044 enirn,
1135 1960 1171 2026 in

125 2047 245 2134 quibus
277 2057 346 2110 erut
373 2047 456 2130 Aug.
489 2043 735 2124 Grotefendus,
778 2045 980 2124 docuerunt,
1020 2069 1078 2134 per
1102 2069 1172 2112 uon
1239 2115 1241 2122 ,

122 2131 225 2196 modo
238 2168 283 2179 -
305 2129 565 2208 reflorationem
585 2129 623 2193 nd
642 2131 826 2216 graviorem
846 2131 895 2196 rel
916 2134 1076 2197 maiorem
1099 2153 1172 2198 rem

122 2215 321 2306 procedere,
344 2226 375 2280 et
395 2215 687 2279 Weissenbornius
711 2239 741 2304 p.
764 2221 838 2282 880.
859 2237 900 2282 ex
921 2217 1054 2304 Reisigii
1071 2241 1173 2306 pruc-

30 2337 34 2344 ·
124 2305 227 2390 neptis
258 2306 301 2366 uit
330 2325 398 2366 nou
427 2301 529 2366 modo
559 2323 691 2384 sempor
720 2301 902 2385 siguificare
931 2325 1003 2367 rem
1041 2304 1173 2368 medio-

125 2409 227 2468 crem,
253 2409 398 2478 pervum,
420 2387 597 2472 vulgarem.
633 2387 701 2450 Nec
724 2389 818 2454 aliter
837 2389 1024 2475 Zumptius.
1067 2389 1172 2454 Wol-

122 2473 185 2538 fius
206 2484 315 2553 nutem
336 2494 438 2560 quum
461 2474 495 2538 in
516 2472 602 2536 notis
623 2471 663 2535 od
683 2474 750 2538 Cic.
772 2473 955 2538 Marcellin.
980 2480 1029 2552 10,
1049 2479 1102 2540 32.
1129 2474 1171 2540 do

124 2557 315 2624 discrimine
340 2557 485 2644 quodum
507 2557 685 2622 verborum
713 2581 782 2623 nou
804 2558 906 2624 modo
927 2570 958 2622 et
972 2581 1042 2624 uon
1063 2559 1173 2626 solum
1226 2638 1228 2646 y

124 2665 196 2710 non
225 2645 296 2708 sine
325 2645 543 2708 ostentatione
572 2641 730 2729 loquutus
761 2653 863 2718 esset,
896 2645 919 2708 S
946 2644 1105 2730 uldiugiue
1134 2646 1171 2712 in

126 2731 347 2797 Commentut.
372 2730 458 2794 Mus.
478 2730 590 2814 Autiq.
614 2751 647 2814 p.
670 2732 722 2794 68.
744 2729 898 2817 exposuit
920 2667 1014 2796 inec:
1040 2729 1095 2796 utri
1111 2729 1172 2796 de-

125 2837 257 2902 scensus
279 2815 395 2902 uliquis
416 2816 458 2880 sit
480 2814 519 2880 ad
542 2816 681 2891 minore,
703 2813 749 2882 ibi
771 2824 993 2880 constantcrn
1014 2818 1173 2890 Cicerone

124 2901 210 2988 poni
233 2925 301 2969 non
321 2899 433 2976 modo,
456 2904 638 2986 numquam
660 2923 730 2966 non
753 2900 870 2967 solum.
913 2903 1067 2970 Coussnrn
1099 2927 1172 2974 uon

124 2985 264 3052 rddidit.
306 2986 445 3054 Differre
465 2985 525 3050 isto
547 2983 704 3052 vocabule
729 3010 828 3053 nemo
854 2987 1048 3075 prudentior
1072 3013 1173 3078 usgu-

125 3067 193 3151 bit,
213 3083 328 3136 tamen
349 3094 416 3160 quo
438 3071 604 3150 differunt,
628 3071 749 3158 idnou
770 3073 805 3138 in
826 3094 939 3138 rerum
969 3081 1172 3162 compositu·
1233 3143 1237 3151 ,

124 3179 200 3226 rum
223 3157 343 3230 ordine¹
358 3159 512 3236 cernitur,
531 3158 599 3224 siv'e
621 3178 673 3223 res
697 3159 810 3244 primo
831 3157 909 3224 loco
936 3161 1077 3240 maiores
1103 3187 1171 3250 po-

123 3254 257 3323 nuntur,
279 3243 346 3310 sive
367 3245 524 3322 minores,
547 3242 604 3308 sed
622 3244 655 3308 in
673 3243 908 3332 significatione
926 3237 1069 3332 ipsorum
1090 3272 1171 3338 pur-

126 3329 319 3394 tiouinrums
339 3329 392 3392 ‘de
422 3351 488 3416 quo
520 3328 608 3394 infru
637 3329 750 3395 dicum.
801 3331 863 3395 Hic
892 3334 1099 3398 monendum
1122 3347 1172 3404 ert

123 3425 272 3502 utroque
302 3415 419 3480 ordine
444 3435 557 3480 rerum
586 3415 766 3513 procedere
794 3406 981 3484 orationem
1010 3417 1106 3486 etium
1136 3422 1171 3492 in

124 3499 235 3566 verbis
254 3523 322 3566 uon
340 3499 459 3565 modo:
480 3501 547 3566 sive
567 3511 627 3566 site
649 3523 718 3565 non
740 3503 847 3568 dicam
865 3501 931 3570 hoc
953 3504 1043 3588 quod
1067 3507 1172 3576 moiun

125 3586 178 3664 sit,
200 3587 285 3651 sive:
309 3608 377 3652 uon
400 3585 506 3651 dicum
527 3585 604 3663 hoe,
627 3586 715 3672 quod
735 3587 845 3652 minue
865 3591 917 3653 sit.
938 3589 1041 3677 idque
1055 3603 1173 3658 osten-¹

125 3669 211 3735 dunt
235 3681 285 3737 sut
306 3671 409 3736 multu
425 3672 587 3759 exemplu.
632 3672 947 3758 Atquedescensum
969 3677 1118 3742 videmus
1135 3679 1171 3746 in

47 3757 50 3764 ’
123 3756 434 3828 additisvo'cubulis
461 3780 504 3822 ne
526 3793 570 3809 ··-·
590 3756 746 3844 quidem.-
772 3769 807 3828 ut
831 3759 889 3824 ubi
912 3783 982 3826 nou
1004 3759 1105 3841 modo
1127 3796 1172 3816 -ι

122 3841 187 3908 scd
210 3842 339 3922 dicitur,
361 3842 502 3908 alterum
527 3853 686 3930 praestet:
710 3843 808 3909 veluti
838 3845 945 3910 Tocit.
964 3848 1049 3910 Anu.
1071 3853 1100 3921 1,
1118 3854 1171 3919 60.

122 3927 251 3994 conciti
266 3951 332 4015 per
350 3929 434 3994 Isaeo
456 3951 525 3994 uon
543 3927 643 3996 modo
664 3927 833 4012 Cherusci,
855 3929 916 3996 sed
940 3933 1171 4004 conterminos

118 4026 256 4102 gentes.
297 4014 384 4078 Hnec
406 4025 462 4082 out
481 4013 665 4100 significent
687 4015 910 4082 conterminos
931 4023 1170 4104 genteemuxi-

100 4121 180 4170 ‘me
199 4119 272 4192 esse
292 4101 447 4188 concitos,
474 4110 543 4190 unt,
582 4121 654 4171 nou
684 4101 808 4171 mirum
839 4100 943 4176 fuisse
984 4103 1172 4178 Cheruscos
