2858 4714
222 244 267 332 aa
541 326 546 336 ,
572 275 576 282 ·
600 229 702 330 nro.
723 225 929 348 'nsovnss

224 433 289 524 ip'si
306 427 414 498 Latini
429 453 492 500 nec
510 451 574 520 pro
592 433 946 522 nequiesreripiebann
969 435 1064 522 nique
1089 435 1179 518 vim,
1203 459 1288 524 quae
1362 487 1369 502 .

224 520 407 610 particulae
445 539 508 606 que
541 521 678 606 propria
712 531 780 603 est,
817 519 1018 590 tribuebant.
1080 523 1192 603 Quare
1220 547 1308 597 nos!

226 603 398 694 oportebit
412 614 445 669 et
461 625 557 668 usum
576 604 616 669 ab
634 605 762 693 origine
778 607 978 694 distinguere
996 617 1028 672 et
1045 629 1082 672 ea
1100 608 1290 692 observare,'

224 694 261 762 in
285 692 404 844 quiipius
428 690 587 783 primaria
609 692 704 758 notio
723 714 796 758 non
821 695 1000 777 exstineto,
1020 693 1078 758 sed
1111 691 1287 770 obscurata

224 799 294 846 essa
314 779 344 844 vi
369 786 474 842 eatur.
781 792 784 809 ’

309 943 381 1026 Ne,
394 946 517 1033 quod,
534 950 579 1012 ”ut
601 947 920 1030 demonstravimus,
942 947 1063 1014 maiori
1084 967 1160 1012 oum
1174 946 1206 1012 vi
1223 969 1287 1012 ne-

226 1042 299 1120 gat,
322 1042 356 1097 et
372 1031 463 1098 idem
479 1035 633 1120 estquod
650 1030 709 1117 μή,
730 1038 885 1102 assumsit
899 1035 1044 1101 litteram
1061 1056 1162 1098 onon
1179 1033 1286 1098 modo

227 1118 269 1185 ad
295 1118 580 1186 corroborandam
605 1143 740 1198 vocem,
773 1121 895 1188 autad
921 1120 1114 1186 ,evitandum
1146 1118 1286 1200 hiatum,
1321 1189 1325 1195 ,

228 1204 286 1272 sed
302 1226 378 1271 oum
392 1205 640 1292 significationis
659 1207 879 1272 incremento.
922 1206 983 1270 Est
1006 1208 1095 1270 enim
1119 1203 1201 1270 illud
1226 1206 1286 1270 de-

226 1292 482 1357 monstrativum
506 1313 564 1370 oe',
587 1293 679 1378 quod
702 1291 800 1356 etiam
819 1294 857 1358 in
879 1292 969 1369 illic,
989 1292 1056 1367 sio,
1076 1303 1174 1372 tunc,
1196 1313 1287 1374 nuno

226 1387 381 1464 apparet:
404 1399 512 1462 neque
531 1389 640 1464 potest
654 1399 809 1465 graecum
830 1376 887 1444 oda
908 1376 1111 1466 comparari,
1136 1375 1226 1463 quod
1249 1377 1286 1442 in

226 1459 266 1528 ου’
288 1463 410 1528 amittit
431 1463 575 1528 litteram
599 1463 820 1552 primitivam,
852 1463 952 1529 veluti
976 1488 1016 1527 ex
1047 1463 1083 1526 iu
1113 1485 1151 1544 e,
1178 1480 1286 1550 ne'que

226 1549 346 1630 μηκέτι,
374 1549 465 1635 quod
490 1571 531 1615 ex
553 1549 661 1614 verbis
677 1546 727 1634 μὴ
751 1547 851 1614 οὐκέτι
872 1545 1050 1614 ‘contractis
1074 1559 1189 1612 natum
1214 1570 1284 1612 esso

225 1657 297 1700 nou
314 1635 386 1700 sine
408 1635 553 1701 veritatis
570 1635 679 1722 specie
701 1636 858 1721 opinatur
879 1636 1110 1701 Buttmannus.
1153 1633 1286 1698 Etenim

99 1771 116 1778 -
148 1717 149 1724 '
227 1741 284 1799 eu,
308 1743 395 1806 quae
413 1743 489 1783 cum
511 1720 581 1783 aliis
596 1721 821 1805 grammaticis
843 1721 941 1785 etiam
959 1721 1158 1807 Hartungius
1181 1742 1216 1807 p.
1232 1725 1287 1786 90.

225 1803 331 1870 Tom.
347 1811 379 1869 2.
401 1804 441 1869 ad
458 1804 688 1891 explicandam
707 1805 885 1871 litteramo
903 1805 1010 1886 affert,
1025 1805 1182 1870 vocabula
1193 1806 1287 1869 sicn-

227 1889 282 1976 lu‘,
314 1889 459 1970 alicubi,
492 1892 589 1956 alieni
609 1901 688 1955 sunt
710 1892 857 1979 generisr
891 1891 974 1956 illud
1002 1913 1044 1955 ex
1075 1891 1107 1954 si
1133 1889 1287 1978 quesibi,

126 2002 129 2007 ·
226 1976 294 2042 hoo
311 1996 353 2040 ex
369 1976 483 2064 aliquo
499 1975 557 2040 abt
572 1974 706 2042 fantiam.
751 1977 816 2040 Sed
836 1973 940 2042 Latini
965 1975 1203 2066 gradationem
1217 1986 1286 2040 sta-

227 2071 365 2126 tuerunt
388 2062 424 2126 in
448 2061 677 2148 negationibus
704 2063 937 2150 multiplicem.
982 2063 1069 2128 Nam
1090 2085 1134 2128 ne
1156 2063 1287 2149 gravior

229 2157 280 2222 est
299 2169 398 2236 quam
416 2171 502 2230 non,
527 2171 589 2212 nec
608 2149 705 2212 etiam
732 2151 865 2236 gravior
889 2171 989 2236 quarn
1010 2173 1070 2222 ne,
1095 2149 1287 2234 gravissima

198 2311 204 2324 ,
229 2257 273 2298 ne
286 2237 330 2314 '—-x
342 2233 499 2320 quidem,
521 2255 749 2322 nequaquam.
790 2240 897 2322 Atque
919 2233 1034 2300 eadem
1051 2236 1196 2308 ratione,
1222 2254 1287 2316 quo

228 2343 291 2386 neo
311 2317 498 2399 formatur,
521 2318 814 2386 demonstrativam
837 2321 1029 2408 particulam
1045 2320 1162 2384 Graeei
1188 2319 1286 2383 adhi-

228 2406 307 2470 bere
320 2404 518 2470 solebantnd
538 2405 771 2471 intendendam
786 2410 1014 2492 negationemr
1037 2406 1287 2470 dicebanteninr

229 2487 301 2557 οὐδὲ
321 2540 330 2569 ,
353 2493 388 2557 iu
407 2513 475 2578 quo
493 2491 525 2557 δὲ
541 2492 688 2557 eiusdem
704 2503 754 2555 est
770 2493 926 2578 originis,
951 2493 1002 2556 eui
1020 2493 1207 2578 germanica
1223 2513 1288 2554 vo-

142 2597 144 2606 ’
229 2577 345 2642 cabula
361 2576 428 2653 clu,
452 2575 531 2660 der,
551 2578 679 2665 aliaque
694 2577 872 2644 debentur:
894 2601 956 2642 neo
973 2588 1097 2662 temere
1114 2578 1210 2642 verba
1226 2600 1289 2642 nec

230 2664 380 2750 opinans
395 2674 588 2750 comparata
605 2675 683 2730 aunt
701 2685 777 2728 oum
805 2661 869 2730 οὐδ’
897 2661 1032 2746 οἰόμενος
1058 2663 1145 2750 apud
1167 2661 1287 2726 Xeno-

229 2749 394 2840 phontem
421 2749 524 2816 Mem.
549 2751 642 2816 Soor.
667 2756 698 2827 3,
715 2752 747 2828 5,
762 2751 834 2815 aa:
858 2773 918 2814 neo
940 2749 1064 2816 frustra
1090 2747 1289 2847 disceptabi-

229 2857 324 2909 mus,
346 2846 463 2900 unum
477 2837 564 2923 opud
583 2835 750 2914 Catullum
773 2835 984 2900 scribendum
1000 2836 1042 2898 sit
1063 2833 1289 2927 nee-janna

231 2944 284 2988 an.
301 2945 371 2986 ne·
396 2943 525 2986 ainwa:
546 2932 725 3006 utrumque
749 2919 833 2985 bene
859 2921 1033 2986 sehabet:
1056 2919 1114 2985 sed
1137 2921 1220 2986 iusta
1245 2917 1288 2984 de

232 3028 345 3072 caussa
363 3005 568 3070 bchneidero
587 3016 620 3069 et
634 3005 837 3076 Doederlino
859 3007 1093 3094 assentiemur,
1117 3007 1174 3093 qui
1196 3028 1288 3094 nego
1325 3077 1329 3082 ¹

231 3103 265 3158 et
279 3094 361 3159 rieao
379 3091 424 3156 ob
441 3113 506 3156 uua
522 3091 650 3180 origine
667 3091 816 3161 vocabuli
829 3117 891 3159 neo
912 3093 1109 3168 derivarunt,

315 3259 413 3327 Aliud
432 3282 557 3326 nomen
580 3271 630 3326 est
652 3283 758 3350 neque
774 3285 816 3330 ex
834 3286 878 3329 ne
894 3273 927 3328 et
947 3285 1008 3352 qne
1030 3261 1168 3328 foetum.
1215 3261 1290 3344 (ine

233 3356 342 3414 nutem
363 3367 442 3412 oum
470 3349 544 3435 qrais
567 3357 763 3435 cognatum,
801 3372 872 3414 non
902 3348 1006 3416 modo
1039 3348 1194 3436 copulat,
1230 3346 1291 3412 sed

232 3434 333 3500 etiam
361 3457 422 3519 per
440 3454 531 3510 eam,
554 3456 636 3520 quae
663 3436 692 3500 ei
716 3437 826 3500 innata
853 3441 918 3513 est,
941 3435 1112 3500 relativam
1135 3443 1291 3498 naturam

232 3519 421 3606 aequationi
435 3518 588 3599 inservit,
614 3523 660 3585 uti
677 3521 815 3587 vidimus
833 3523 868 3586 iu
887 3522 939 3586 itu
962 3543 1015 3586 ne.
1060 3521 1172 3602 Quare
1185 3541 1291 3606 neque

233 3603 397 3693 significat
412 3604 514 3677 modo
530 3617 563 3671 et
578 3629 622 3673 ne
636 3609 705 3674 sive
720 3617 754 3673 et
767 3630 855 3684 non,
879 3545 979 3673 modo
1001 3606 1108 3673 etiam
1124 3627 1204 3671 non.

241 3829 242 3836 χ
319 3759 486 3834 Habemus
515 3760 615 3847 igitur
642 3760 722 3826 duas
741 3759 888 3836 formas,
919 3760 1056 3826 alteram
1079 3761 1292 3826 demonstra·-

233 3845 334 3911 tivam
353 3845 437 3926 irem
465 3845 601 3914 alteram
624 3847 794 3912 relativam
820 3871 944 3934 neque,
975 3869 1059 3930 qtrae
1088 3867 1292 3933 quamquam

232 3933 270 3998 iu
294 3931 407 3996 multis
437 3933 609 4019 propriam
631 3931 693 3998 sibi
719 3932 884 3998 vindicant
909 3931 1203 4018 significationem,
1238 3941 1292 3992 ta-

193 4064 200 4072 ·
233 4038 311 4082 men
331 4039 400 4084 non
424 4017 529 4082 modo
553 4029 695 4105 propter
719 4016 850 4084 formae
870 4018 1139 4096 similitudinem,
1163 4016 1221 4086 sed
1245 4016 1291 4078 ob

234 4104 342 4190 ipsam
362 4104 599 4190 cognationem
615 4103 712 4171 facile
730 4115 886 4192 poterunt
912 4104 999 4170 iuter
1017 4127 1053 4178 se
1079 4103 1292 4178 commutari,

710 4209 714 4235 ι
755 4195 761 4218 Ι
