2844 4716
272 277 337 352 tlt
610 282 910 356 PEDETENTIM.

271 453 358 524 hddi
374 461 514 544 possunt
526 453 752 543 paarxillsslus,
767 457 919 526 bellulam.
950 459 1081 528 Dicitur
1096 468 1204 528 autem
1217 463 1327 552 poril-

272 541 380 606 iulum
401 541 653 623 deminutivum,
683 557 719 610 ut
741 545 812 612 lieri
835 548 921 612 solet
949 551 982 614 in
1005 551 1215 614 sermonibus
1245 553 1326 618 vitae

271 630 475 706 communis,
498 651 625 716 saepen
642 634 796 708 comicis.
820 635 1015 720 praesertim
1038 635 1248 701 uTerentio.
1287 637 1325 702 ln
1367 653 1371 680 ¹

270 711 364 778 libris
392 713 520 801 scriptis
550 737 653 802 quum
692 717 859 784 interdum
886 719 1044 806 paullum
1074 731 1106 784 et
1132 723 1345 808 paullulum·

271 809 474 864 commutata
500 814 626 885 essent,
660 805 1032 889 c1·itiai(llrakenb.ud
1058 808 1126 872 Lis.
1149 813 1201 877 36,
1227 813 1259 886 9,
1281 810 1324 896 8.)

271 887 520 972 quaesiverant,
544 910 625 952 num
654 888 855 957 deminutiva
877 890 985 957 forma
1008 915 1082 958 cum
1104 893 1278 958 historicae
1293 907 1325 960 et

269 972 519 1060 philosophicae
533 974 687 1040 dictionis
705 977 861 1066 dignitate
874 981 1075 1044 conveniret.
1101 979 1173 1043 Vid.
1189 981 1323 1048 Mutzel.

269 1059 309 1123 ad
331 1057 421 1122 Curt.
441 1063 472 1137 8,
505 1064 553 1123 17.
585 1085 616 1149 p.
642 1065 695 1126 80.
748 1066 810 1130 Vbi
835 1085 912 1130 veru
936 1067 984 1130 rei
1009 1077 1123 1130 natura
1151 1066 1196 1129 ita
1232 1069 1323 1154 loqui

268 1145 370 1220 iubet,
394 1165 463 1208 uon
485 1143 626 1210 laeditur
646 1147 805 1236 dignitass
831 1151 979 1240 quamvis
1003 1155 1036 1220 iu
1061 1150 1217 1242 plurimis
1242 1154 1323 1222 locis

206 1254 208 1271 ·
267 1231 427 1296 iudicium
446 1232 610 1296 incertum
630 1234 682 1300 sit.

304 1330 307 1338 ¹
371 1339 466 1394 Plani.
485 1342 531 1394 As.
552 1342 578 1410 5,
595 1343 621 1409 2,
640 1343 683 1399 15.
709 1346 815 1399 abscede
836 1363 899 1418 ergo
919 1348 1067 1417 paullulum
1093 1345 1166 1400 istae.
1209 1346 1321 1407 Terent.

337 1425 421 1482 Andr.
440 1422 465 1495 3,
483 1425 569 1492 5,16.
594 1431 650 1482 siae
670 1430 818 1502 paullulum
837 1433 869 1483 od
893 1429 934 1484 me
960 1434 1073 1486 redeam.
1095 1431 1166 1484 Euu.
1184 1433 1210 1500 t,
1228 1433 1255 1497 2,
1279 1435 1323 1489 51.

336 1509 485 1578 Bessan,
503 1514 528 1578 1,
549 1513 594 1567 26.
638 1513 695 1567 Cic.
712 1533 739 1584 p.
759 1514 851 1584 Quint.
874 1515 918 1582 16,
943 1515 986 1569 56.
1023 1519 1172 1588 respirasset
1194 1520 1324 1587 cupiditas

310 1647 314 1656 ,
337 1605 416 1667 atque
432 1603 547 1654 auaritia
565 1603 719 1670 paullulum.
752 1601 832 1652 Caes.
848 1601 882 1653 n.
899 1601 966 1670 gall.
986 1601 1013 1664 2,
1028 1601 1055 1657 8.
1079 1602 1149 1653 callis
1163 1631 1199 1641 —
1211 1605 1323 1672 paullu-

335 1683 390 1737 lum
413 1703 443 1736 ea
471 1687 583 1754 planitie
608 1688 698 1740 editur.
726 1684 754 1750 4,
775 1683 818 1740 24.
844 1687 989 1753 paullulum
1011 1687 1040 1738 irs
1065 1701 1159 1754 aquam
1181 1687 1324 1756 progressi.

335 1769 414 1821 Curt.
436 1767 463 1833 4,
490 1770 534 1836 15,
562 1769 605 1824 26.
633 1772 728 1824 vidisse
752 1787 778 1823 se
801 1773 963 1840 aedituum
985 1770 1133 1839 paullulum
1151 1787 1227 1840 super
1244 1780 1325 1840 eaput

335 1856 408 1924 regis
423 1855 526 1924 placide
544 1856 674 1908 uolantem
691 1858 815 1924 aquilam.
834 1855 859 1921 1,
876 1854 901 1921 i,
919 1853 962 1908 15.
980 1853 1082 1917 maz,
1107 1853 1176 1919 4,1.
1209 1855 1326 1910 Sallust.

335 1941 410 2007 apud
426 1939 499 1990 Gall.
520 1937 563 2002 16,
580 1937 624 1990 26.
643 1955 734 1991 earum
753 1941 825 1992 aliae
839 1937 988 2008 paullulum
1008 1955 1160 2009 progressae
1182 1941 1264 1994 nimia
1286 1943 1324 1996 si.

334 2027 392 2078 mal
404 2032 430 2077 et
450 2025 553 2076 incerto
568 2041 642 2076 suere
657 2049 692 2064 -
711 2025 933 2094 deprimebantur.
956 2023 1030 2076 Gall.
1045 2024 1129 2091 12,1.

369 2143 448 2194 Caes.
475 2141 509 2194 B.
535 2139 603 2212 golt.
627 2140 654 2207 t,
680 2139 723 2194 56.
746 2143 785 2197 ita
810 2161 936 2213 pugnam
958 2133 1017 2214 post
1036 2143 1182 2212 paullulum
1205 2144 1324 2206 considit.

335 2225 454 2294 Quintil.
474 2225 501 2293 8,
522 2225 547 2297 3,
564 2223 607 2280 25.
635 2243 685 2300 pua
707 2237 767 2284 suut
792 2231 833 2284 usi
855 2229 1005 2300 paullulum
1027 2236 1143 2297 tempore
1166 2236 1254 2282 austro
1278 2247 1325 2282 su-

330 2329 455 2381 periores.
1263 2332 1265 2336 ·

266 2443 269 2450 ·
348 2418 379 2478 7.
407 2413 458 2479 Ex
482 2411 535 2478 his
557 2425 705 2504 apparet,
726 2412 898 2503 quomodo
916 2413 1114 2502 parrlhtlum
1133 2413 1266 2482 accedat
1282 2415 1324 2480 ad

175 2493 178 2508 ’
227 2505 230 2512 ’
264 2499 401 2566 nomina
425 2502 598 2586 temporis.
652 2503 718 2567 Sed
753 2504 866 2592 ipsum
885 2504 1070 2569 recentiore
1085 2513 1239 2588 tempore
1257 2524 1323 2591 pro

258 2585 456 2674 paullisper
473 2589 598 2652 dictum
614 2601 672 2675 est.

367 2697 479 2750 Sueten.
500 2699 572 2768 Aug.
590 2699 634 2752 26.
656 2700 697 2752 die
713 2697 767 2750 hal.
785 2695 907 2750 ianuarii
924 2714 1002 2766 paam
1020 2712 1096 2748 moue
1114 2713 1163 2766 pra
1180 2697 1244 2748 aede
1264 2698 1324 2749 Ca-

302 2807 306 2814 ·
331 2785 437 2852 pitoliai
459 2783 525 2837 lauis
549 2785 696 2852 paullulum
720 2783 805 2835 ermuli
830 2782 895 2834 sella
918 2783 1095 2850 praesedisset,
1127 2781 1225 2832 honore
1246 2783 1324 2834 ohiit.

331 2866 422 2920 Tacit.
441 2868 510 2920 naa.
527 2865 571 2936 15,
588 2867 631 2942 fill.
654 2851 801 2938 paullulum
830 2865 859 2919 ia
883 2868 987 2942 publiea
1012 2851 1143 2932 uersutus,
1166 2873 1225 2934 past
1249 2861 1326 2920 dorsi

330 2961 448 3006 mustus.

347 3059 380 3122 8.
408 3053 570 3120 Paullulo
600 3075 676 3120 cum
707 3053 933 3140 comparativo
958 3052 1100 3128 afferant
1125 3071 1168 3118 ex
1188 3049 1326 3118 Lucceii

262 3141 403 3230 epistola
425 3143 464 3206 ad
486 3143 552 3206 cia.
575 3143 607 3219 5,
635 3143 686 3220 14,
716 3147 744 3207 1.
769 3141 882 3218 valeo,
909 3140 998 3204 sicut
1027 3139 1137 3204 soleo:
1153 3137 1326 3223 ,paullulo

260 3242 379 3296 tamen
395 3228 503 3292 etium
525 3226 675 3290 deterius
690 3249 793 3315 quam
807 3226 909 3294 soleo·
954 3226 1019 3314 Sed
1034 3227 1187 3312 autiquae
1202 3223 1325 3288 editio·

223 3370 227 3381 1
261 3337 321 3382 nes
347 3315 472 3380 habent
491 3312 625 3400 pa‘ullc.

263 3447 266 3454 ’
345 3426 378 3510 ⁴¹)
402 3427 536 3490 Veteres
559 3421 689 3488 codices
715 3421 879 3511 paralium
905 3418 1035 3508 saepius
1064 3413 1190 3482 referre
1218 3439 1327 3505 quam

286 3509 454 3575 stillulam
477 3510 651 3574 observant
669 3510 803 3574 Curtius
827 3507 865 3573 ad
886 3509 968 3574 Plin.
990 3505 1096 3594 Epist.
1118 3507 1221 3584 7,·17,
1238 3510 1274 3572 9.
1291 3515 1327 3572 et

257 3533 485 3688 ilensingerus
500 3596 674 3664 Emendat.
699 3617 732 3696 p.
746 3597 810 3662 66.

557 3813 1021 3912 ΡΕΒΕΤΕΝΤΙΜ.

342 3978 528 4048 Priscianus
550 4004 584 4070 p.
599 3976 872 4044 lautumiarum
889 3971 1060 4042 adverbia
1072 4005 1116 4026 «-
1138 3967 1198 4040 vel
1211 3999 1235 4040 e
1254 3999 1329 4042 rso·

84 4103 87 4112 ·
257 4069 393 4134 miueet
407 4067 521 4145 verbo,
540 4066 705 4149 utapede
724 4079 757 4130 et
773 4064 877 4130 tendo
886 4062 1113 4150 pedetentim.
1137 4060 1329 4130 Gledonius

136 4166 139 4180 ¹
256 4177 293 4246 p.
312 4158 408 4222 1989.
429 4149 661 4242 pedetentim
683 4151 740 4222 laic
754 4171 829 4241 pes,
848 4161 981 4216 mutam
994 4159 1119 4216 traco.-
1146 4161 1235 4236 'erga
1251 4173 1329 4240 pe-
