2894 4716
268 277 334 346 aas
744 259 844 344 utut

269 459 436 535 torquant,
459 437 645 509 Schclierus
668 442 704 510 in
727 443 869 512 Obseru.
891 465 927 534 p.
960 447 1034 514 107.Ι
1061 441 1116 516 alii
1140 469 1183 516 ne
1211 449 1316 519 inter-

263 537 377 622 ‘pretes
408 530 599 596 Planciauac
629 529 844 614 exstiterunt,
891 529 948 619 qui
976 546 1129 602 monstra
1157 547 1213 601 ant
1248 541 1316 606 aiei

269 621 367 685 etiarn
387 627 476 681 recte
500 617 562 680 dici
584 615 893 703 non-praecedente
917 622 1103 708 negatione.
1159 623 1315 690 Wunde-

267 727 336 784 rue‚
358 721 401 769 ne
423 703 593 768 Ernestius
618 703 749 788 ineptus
771 701 950 786 videretur,
972 727 1058 772 eum.
1077 708 1231 795 qpinatus
1268 721 1316 776 est

269 792 380 857 dicere
403 787 555 863 voluisse,
577 787 647 852 uisi
672 797 744 852 tum
761 798 891 853 tantum
914 791 1006 877 poni,
1023 813 1126 878 quum
1144 789 1227 880 quae
1251 791 1339 886 opa'

267 885 415 968 ponatur
439 873 620 939 enuntiatio
644 873 839 938 sententiam
853 877 1044 962 negativam
1067 880 1250 944 contineat:
1282 892 1315 947 ct

267 963 367 1030 verba
390 959 574 1025 Ciceronisr
596 957 686 1046 quod
705 981 816 1046 genua
830 960 1038 1032 iudiciorum
1058 965 1091 1028 ei
1106 975 1157 1030 eet
1172 989 1315 1053 aequam

267 1050 343 1115 ullu
365 1048 402 1112 ia
424 1067 472 1117 re,
504 1043 575 1109 uisi
603 1044 641 1108 ia
664 1043 732 1108 lura
751 1043 944 1127 tribuaria,
972 1071 1041 1113 noa
1072 1051 1231 1140 intelligo
1251 1065 1312 1119 eta.

268 1139 312 1202 ita
335 1131 511 1221 explicuit,
531 1129 624 1217 quasi
647 1130 763 1195 Cicero
793 1132 827 1196 in
855 1143 965 1198 mente
994 1133 1159 1202 habuisset
1180 1148 1313 1204 senteu-
1363 1187 1368 1194 ,

265 1222 345 1286 tiam
368 1239 448 1284 noa,
463 1227 513 1284 est
536 1226 653 1282 aretem
673 1239 819 1304 aequum
841 1217 915 1284 ulla
936 1220 975 1284 ia
997 1243 1046 1286 re.
1087 1222 1131 1287 At
1149 1222 1313 1290 tulissen-

247 1307 366 1372 'tentia
387 1325 457 1368 nou
490 1301 634 1389 pertinet
664 1303 705 1366 ad
736 1303 932 1369 vocabulum
962 1305 1042 1381 aiei,
1074 1307 1131 1370 sed
1155 1331 1190 1372 ea
1214 1313 1312 1377 etiam

265 1405 352 1459 stare
373 1389 496 1477 poterit
519 1389 649 1464 omissis
671 1387 778 1453 verbis
798 1389 869 1454 aiei
890 1390 927 1454 iu
951 1390 1017 1456 hac
1038 1391 1222 1460 tribuaria.
1250 1397 1312 1464 Res

263 1501 342 1546 vero
361 1477 455 1541 aliter
475 1495 510 1540 se
531 1474 640 1541 habet.
682 1473 848 1562 Distingui
872 1477 961 1540 enim
984 1477 1105 1542 debent
1121 1501 1241 1563 genera
1256 1483 1312 1547 lo-

265 1563 452 1652 quutionis,
491 1581 633 1647 quorum
657 1559 691 1625 in
717 1561 821 1624 altero
845 1561 1085 1650 qualecumque
1100 1564 1237 1630 verbum
1248 1589 1311 1634 nc-

264 1651 411 1740 gativum
433 1647 619 1736 praeeedit,
642 1654 698 1710 aut
719 1645 869 1730 negativa
891 1647 998 1714 nolio·

366 1790 425 1846 cte.
442 1789 476 1842 de
492 1787 553 1840 dm.
571 1786 597 1851 ὅ,
615 1785 662 1840 18.
679 1793 783 1857 negant
800 1788 876 1854 mim,
901 1807 1059 1862 quemqnam
1085 1809 1139 1846 cete
1162 1787 1249 1846 uirum
1268 1795 1312 1850 lto-

248 1936 251 1954 .
329 1894 395 1930 uum
413 1875 464 1927 aiei
484 1874 632 1945 cupientem.
653 1871 673 1928 i.
693 1889 720 1924 c.
735 1871 828 1924 dicuat
847 1873 983 1927 nemiuem
1000 1894 1069 1930 esse.
1103 1875 1214 1932 Suetoa.
1237 1879 1310 1952 Aug.

329 1961 356 2014 6.
374 1961 424 2013 leuc
440 1959 547 2010 iatralre
562 1956 615 2008 aiei
631 1959 774 2010 necessario
792 1966 816 2010 et
834 1967 902 2012 caete
918 1961 1013 2032 religio
1030 1970 1076 2018 est.
1095 1961 1114 2017 i.
1128 1981 1151 2015 e.
1166 1966 1245 2018 nelca
1260 1971 1311 2032 sat,

328 2042 472 2101 nonlicet.
509 2041 588 2108 Quae
606 2040 703 2092 eedem
719 2047 762 2094 eet
783 2041 865 2108 ratio,
885 2061 939 2112 que
961 2047 990 2100 iu
1013 2046 1228 2118 interrogatione
1249 2056 1311 2118 poet
1428 2075 1429 2086 ¹

330 2131 393 2201 qaid
412 2133 451 2180 eet
470 2123 594 2196 sequitur
611 2125 678 2179 uitia
701 2141 765 2182 uem
796 2127 963 2200 intelligitur
990 2149 1042 2186 aaa
1065 2139 1121 2199 cet,
1155 2133 1214 2188 rive
1242 2135 1310 2188 situ

331 2216 405 2268 uliud
423 2218 493 2269 cett„
613 2215 622 2231 '

260 2343 409 2410 Alterum
433 2358 536 2424 genus
560 2336 704 2402 additam
730 2335 829 2403 habet
852 2339 1105 2428 exceptionem,
1138 2357 1222 2429 quae
1245 2342 1307 2410 ali·

260 2451 360 2518 quam
386 2437 511 2514 partem
539 2423 589 2488 vel
615 2424 774 2488 rationem
800 2425 965 2505 excludit,
1005 2427 1104 2492 etiam
1132 2429 1222 2494 nulla
1245 2451 1305 2496 ue-

259 2519 391 2602 gatione
407 2509 595 2599 praemissa.
639 2507 797 2574 Germani
820 2511 933 2577 dicunt
958 2513 1007 2578 vel
1032 2511 1224 2601 adgeselicn
1245 2538 1308 2580 uua

257 2602 310 2669 vel
344 2618 622 2687 arisgcaammea.
678 2593 759 2662 Nisi
788 2597 887 2714 iqitu'r
916 2595 989 2664 fere
1018 2598 1107 2666 idem
1137 2611 1186 2666 est
1215 2599 1307 2687 quod

252 2697 407 2776 praeter.
436 2684 518 2748 Vide
538 2703 638 2767 supra
663 2703 698 2768 p.
719 2687 793 2746 227.
835 2687 942 2772 Atque
963 2684 1018 2764 ita„
1031 2686 1131 2763 etiem
1152 2685 1241 2752 ullus
1264 2722 1305 2737 -

257 2774 341 2850 uisi,
366 2769 545 2860 quicquam
558 2802 603 2818 -—
615 2767 686 2834 uiui
708 2766 876 2834 dicuntur.
1001 2773 1016 2796 ²

359 2914 418 2969 cic.
439 2913 473 2965 de
492 2909 570 2964 Oret.
587 2907 614 2974 2,
633 2909 660 2973 u,
678 2908 720 2961 tt.
739 2911 762 2963 ri
778 2913 913 2982 quiequam
929 2913 1034 2978 dicitur,
1053 2913 1105 2968 aiei
1122 2923 1222 2982 mator,
1241 2921 1305 2988 sor·

323 3000 558 3056 macerationem
574 3011 624 3044 -ε
651 3000 698 3046 aut
722 2993 746 3047 ei
764 3013 815 3065 qua
832 2997 877 3050 uia
893 3001 960 3064 ullu,
984 3000 1154 3054 cirinthus
1171 3019 1226 3053 unu
1248 3009 1307 3056 aas

318 3085 439 3158 ¹traditur
466 3086 512 3133 aut
534 3087 749 3148 argumentorum
769 3089 817 3135 aut
837 3085 1027 3138 sententiarum
1042 3109 1075 3125 -··
1095 3078 1236 3153 fateamur
1253 3091 1305 3142 etc.
1344 3155 1346 3162 Ι
1427 3051 1428 3094 l

323 3184 348 3236 p.
369 3167 450 3218 Rosa.
467 3164 529 3217 dm.
547 3161 590 3232 12,
609 3161 652 3216 33.
673 3164 741 3233 quod
759 3166 827 3218 iuter
846 3185 931 3220 amaea
953 3177 1061 3236 euadat,
1086 3170 1138 3221 uisi
1163 3171 1234 3222 inter
1250 3187 1305 3235 cor,

319 3252 367 3322 qui
386 3251 530 3303 insaniunt.
565 3249 626 3304 [aiv.
644 3247 671 3312 2,
688 3248 731 3318 59,
747 3249 773 3302 7.
799 3269 871 3303 acmo
902 3252 989 3318 ullius,
1014 3254 1065 3308 uiti
1082 3256 1180 3324 fugae,
1198 3271 1305 3308 metuar.

322 3337 437 3391 Terent.
460 3335 560 3388 Heaut.
576 3335 642 3400 1,1,
663 3330 706 3388 90.
723 3333 767 3386 vd.
784 3351 811 3402 p.
827 3331 888 3386 227.
919 3334 1031 3390 Sueten.
1050 3335 1114 3391 Ner.
1132 3339 1176 3393 83.
1197 3340 1307 3411 dantque

323 3423 426 3476 turtum
442 3419 498 3473 ciue
514 3421 651 3492 cerucpiri,
668 3421 721 3474 uisi
735 3419 829 3472 tratti·
845 3419 943 3490 leuique
960 3421 1081 3488 materia,
1099 3425 1225 3494 neglexit.

338 3565 391 3631 84.
429 3562 557 3630 Comici
587 3570 749 3650 usurpant
776 3558 947 3626 formulas
970 3563 1129 3652 quasdam
1160 3563 1305 3652 vulgaris

253 3650 436 3726 sermonis,
458 3672 477 3714 e
499 3647 616 3738 quibus
636 3645 802 3712 notandae
825 3645 977 3714 videntur
1000 3651 1081 3716 haer
1104 3649 1176 3714 aiei
1188 3650 1305 3730 mado,

252 3739 323 3890 agai
340 3735 488 3828 quidem.
538 3733 610 3799 Nos
641 3733 783 3798 dicimus
813 3753 912 3798 wana
939 3735 1035 3802 uiolet
1063 3733 1156 3847 eben,
1184 3733 1306 3828 auster

252 3849 346 3894 eea.

353 3968 446 4022 Plaut.
467 3951 546 4018 Most.
562 3961 589 4028 8,
606 3959 632 4028 d,
649 3961 676 4015 2.
695 3979 837 4032 numquam
853 3963 943 4033 edepol
958 3979 999 4016 acc
1013 3963 1066 4017 seio
1080 3964 1174 4020 uidieec
1192 3981 1306 4034 usqum

320 4053 436 4108 abiectae
453 4051 537 4114 aedes,
560 4048 613 4102 aiei
638 4047 715 4102 murm
736 4049 822 4104 lamec.
845 4046 908 4103 Mil,
933 4044 961 4118 4,
982 4045 1009 4116 4,
1028 4047 1071 4104 w·
1089 4052 1177 4106 ordirer
1192 4051 1234 4105 iar
1249 4047 1307 4106 uisi
1372 4120 1377 4128 Ι

319 4139 394 4194 mede
410 4151 493 4190 nauus
509 4135 566 4190 lece.
583 4131 631 4190 int.
647 4131 742 4188 addant
