2858 4714
478 235 578 323 unc.
619 252 807 341 asora
1103 253 1164 318 ue

109 425 334 501 coniunctiro,
359 446 429 488 non
445 421 589 512 praelixa
608 425 855 498 coniunctione,
897 415 970 519 Nec
987 418 1164 569 ascripto-

109 513 190 577 ribus
210 510 368 598 prosaicis
385 533 453 574 non
470 513 686 599 componitur
702 531 776 574 cum
801 510 1018 593 imperativo,
1040 528 1074 570 se

111 600 284 684 praemisso
302 596 453 682 iungitur
469 617 546 661 cum
562 597 771 664 coniunctiro
789 593 925 684 perfecti
946 603 979 657 et
1003 613 1164 678 praescn-

112 685 166 764 tis,
189 705 254 768 quo
280 683 422 768 optativi
439 682 560 756 modus
586 684 802 772 exprimitur,
828 689 925 770 atque
947 679 992 744 itu
1017 678 1164 764 quidem,

113 779 222 852 utnon
240 767 467 855 intelligamus
484 781 517 834 et
538 791 600 842 ue,
627 769 682 833 sed
702 767 940 834 adversativum
958 775 1075 836 tamea
1095 765 1163 828 aive

113 853 176 918 sed.
217 855 288 922 Cic.
315 854 353 917 nd
375 852 465 919 Fam.
485 861 514 936 1,
529 859 560 926 9,
574 859 628 928 62,
645 860 723 936 (19.)
748 853 934 920 recordare
952 849 1063 932 euim,
1085 849 1163 938 qui-

113 937 162 1002 luts
177 939 419 1004 laudationem
433 963 474 1006 ex
490 939 622 1018 ultimis
643 941 745 1015 terrie
769 939 928 1011 miserias
945 959 1008 1002 aco
1027 937 1091 1010 hoo
1112 935 1163 1000 u·-

114 1026 243 1088 mucriar
283 1047 367 1114 aaqt
398 1049 422 1090 a
449 1048 503 1092 ma
533 1026 609 1112 ipso
644 1025 848 1102 laudantur.
900 1024 1020 1092 Poetae
1051 1031 1163 1106 qutem
1211 1042 1213 1052 ’

116 1111 265 1174 maiorem
284 1119 481 1198 potestatem
499 1111 677 1199 particulae
693 1135 754 1180 uec
771 1113 804 1176 in
822 1131 919 1176 usum
942 1107 1088 1194 graviter
1112 1108 1164 1171 di·

114 1194 200 1276 ccndi
224 1205 482 1276 converterunt,
514 1207 611 1282 atque
636 1219 704 1266 non
729 1195 831 1264 modo
865 1193 1075 1264 antecedente
1098 1193 1163 1258 alio

117 1281 305 1368 imperativo
330 1281 380 1346 rel
402 1281 611 1347 coniunctiro
638 1305 736 1369 saepe
756 1289 976 1370 usurparunt,
1004 1290 1041 1343 ut
1064 1279 1163 1347 rehe-

120 1367 305 1431 mentiorcm
335 1367 544 1453 negationem
569 1369 744 1446 adderent,
779 1367 836 1434 sed
865 1364 1030 1431 idterdum
1064 1366 1162 1430 etiam

119 1473 170 1538 pro
191 1475 231 1518 ae
260 1456 541 1539 ptutterunt'ita,
568 1464 606 1518 ut
631 1453 873 1518 cententia'aut
894 1450 1162 1518 antecedentibus

120 1549 356 1626 opponeretur,
387 1549 443 1603 aut
466 1538 601 1625 negatio
624 1550 806 1604 acueretur.
856 1536 895 1602 ln
918 1537 1026 1610 media
1051 1547 1162 1605 tumen
1192 1545 1198 1550 ’

123 1623 330 1690 enuntiatione
345 1647 413 1688 nou
433 1635 561 1712 poterat
576 1624 749 1692 collocari:
773 1644 973 1712 quamquem
995 1621 1078 1687 nihil
1100 1622 1163 1686 ob-

126 1707 217 1798 stabat,
236 1709 318 1795 quiu
336 1710 450 1776 eadem
463 1709 518 1774 illa
534 1712 663 1775 ratione
675 1711 798 1799 duplex
813 1733 874 1780 aec
886 1747 926 1760 -
939 1732 1001 1773 uec
1016 1708 1162 1772 colloca-

126 1805 206 1860 retur.
228 1795 316 1858 Rara
334 1804 441 1860 tamen
457 1807 535 1862 suut
552 1798 713 1884 exempla.
740 1795 876 1864 Libruii
893 1804 1018 1872 tantum
1039 1794 1163 1872 aberat,

125 1889 153 1942 ut
167 1901 253 1946 usum
275 1879 488 1964 latinorum,
511 1903 577 1966 quo
595 1894 670 1970 post
684 1907 727 1958 ae
744 1883 844 1958 ultera
861 1876 936 1967 pars
952 1879 1043 1946 nulla
1059 1881 1164 1946 inter-

120 1967 211 2051 posita
228 1966 347 2052 copula
370 1967 444 2031 addi
462 1967 606 2048 solebat,
631 1969 800 2057 cognitum
827 1967 1003 2046 haberent,
1026 1978 1062 2030 ut
1085 1967 1163 2032 ubim

118 2073 172 2198 que
194 2077 255 2138 aec
279 2074 342 2136 pro
373 2077 415 2118 ue
443 2051 695 2133 substituerent,
733 2077 800 2142 quo
832 2054 937 2122 oratio
966 2054 1164 2119 concinnior

74 2163 77 2166 ·
129 2148 208 2206 reret.
250 2137 336 2201 Vide
369 2139 557 2233 Cicqllrut.
589 2145 643 2220 76,
669 2145 745 2206 266.
791 2143 897 2226 Atque
920 2161 962 2204 ex
990 2138 1041 2204 his
1069 2137 1164 2220 facile

119 2223 292 2311 colligitur,
323 2247 389 2312 quo
415 2225 515 2288 modo
542 2249 603 2296 uec
631 2237 662 2292 ot
684 2250 748 2300 aea
769 2224 943 2292 differente
965 2235 1078 2292 tamen
1101 2249 1163 2290 ca-

119 2309 268 2394 plauatius
287 2309 461 2391 dicendum
480 2311 577 2378 estin
595 2331 674 2388 aar.

217 2431 343 2500 Propert.
360 2429 387 2494 1,
402 2429 428 2495 9,
443 2430 486 2485 25.
506 2449 553 2485 aea
568 2439 592 2500 te
608 2432 740 2502 decipiat,
755 2431 824 2501 quad
841 2434 876 2486 rit
897 2431 964 2485 ratic
986 2432 1035 2484 ilia
1055 2438 1164 2499 paratu.

174 2516 351 2584 Reddppucb
376 2523 442 2585 mag
463 2533 490 2568 er
511 2517 571 2570 dieb
589 2519 660 2571 nicht
682 2507 815 2571 tabacum.
851 2515 941 2570 Siouh'
962 2514 1074 2570 Persius
1090 2514 1117 2579 1,
1136 2512 1164 2565 5.

179 2619 245 2667 aaa,
265 2601 289 2653 ei
310 2601 372 2667 quid
391 2601 499 2652 turbida
525 2601 610 2655 Roma
628 2603 722 2666 eleuet¹
743 2604 866 2665 accedas,
885 2617 1044 2668 examenque
1068 2599 1165 2666 impro-

138 2752 142 2762 Ι
179 2685 236 2744 bum
258 2686 286 2736 ia
308 2685 357 2737 illa
381 2685 491 2755 castiges
513 2687 632 2751 trutina,
658 2705 704 2738 uec
727 2695 751 2739 te
773 2686 928 2753 quaesiveris
949 2692 1031 2737 entra.
1074 2683 1165 2736 Tacit.

179 2767 250 2820 llist.
264 2769 290 2831 2,
306 2766 351 2822 16.
370 2771 537 2838 ucarpecieur
552 2771 689 2824 adulantia
703 2771 847 2841 capaucric·
882 2768 955 2822 nint.
980 2765 1165 2822 deortui-13.

179 2851 275 2906 llorut.
287 2852 380 2920 Epist.
394 2853 420 2918 l,
434 2854 460 2917 l,
473 2853 517 2908 28.
915 2916 921 2950 t

222 2955 280 3008 (iic.
295 2955 324 3006 in
336 2955 416 3008 verr.
433 2957 461 3020 3,
481 2953 525 3021 48,
540 2956 600 3010 115.
619 2976 689 3010 auae
701 2966 731 3010 ut
746 2959 795 3010 bac
809 2965 921 3026 tempora
939 2972 987 3012 ea.
1007 2971 1072 3024 quae
1094 2957 1166 3026 regie

180 3057 222 3093 eeu
234 3041 321 3110 patius
335 3041 469 3108 tyraauica
484 3043 574 3096 statuit
590 3043 617 3094 ia
642 3048 759 3096 aratores
780 3043 927 3110 Aprroaiur,
943 3041 1165 3110 praetermittam,

180 3141 257 3193 aeque
271 3143 313 3178 eor
333 3127 480 3193 appellem,
499 3127 625 3195 aquibus
643 3145 718 3180 omae
727 3133 893 3196 frumentum
909 3127 1015 3196 eripuit.
1051 3125 1114 3178 Div-
1139 3125 1167 3177 iu

180 3209 261 3264 Caec-
271 3209 316 3274 16,
331 3207 375 3260 52.
395 3211 513 3263 suadebit
529 3210 580 3263 tili
588 3249 597 3274 ,
615 3219 644 3264 ut
661 3213 721 3264 binc
736 3212 870 3286 discedas,
888 3229 970 3280 aequa
984 3211 1049 3264 aiibi
1063 3211 1167 3263 uerbum

99 3335 101 3339 .
180 3296 259 3348 ullum
277 3295 442 3364 respondeas.
476 3293 505 3346 iu
531 3295 609 3349 Varr.
626 3295 712 3362 2,1t,
728 3294 772 3351 41.
792 3296 826 3348 de
844 3295 942 3362 0ff.2‚
958 3297 1001 3361 21,
1018 3295 1061 3351 73.
1077 3297 1167 3348 uidea-

176 3381 235 3434 duta
253 3378 303 3454 erit
319 3406 369 3441 -,
387 3384 417 3429 ut
432 3393 507 3430 auum
522 3379 627 3448 quisque
641 3386 748 3446 teneat,
764 3399 844 3449 neque
860 3383 891 3433 da
909 3383 982 3435 bouis
1002 3383 1168 3451 privatorum
1196 3428 1200 3432 ,

178 3463 276 3531 publice
292 3461 435 3514 deminutio
442 3463 509 3529 fiat.
543 3463 659 3518 Beierus
674 3472 778 3518 tumere
794 3464 903 3533 scripsit
919 3483 988 3536 acce,

220 3564 282 3616 Liv.
297 3561 342 3628 24,
356 3563 382 3628 3,
397 3561 440 3615 14.
456 3567 629 3634 permaniant,
646 3576 674 3620 ut
688 3569 793 3621 traduci
807 3587 839 3624 ee·
850 3571 882 3620 iu*
895 3570 987 3633 Locroe
1003 3573 1166 3638 paterentur,
1213 3551 1216 3565 ¹

176 3665 218 3700 aee
231 3649 327 3700 ultima
343 3650 454 3718 experiri
468 3651 571 3704 uellent.
605 3653 803 3716 llorat.Sut.2,
813 3651 891 3718 1,43.
907 3661 935 3706 ut
951 3663 1040 3725 pereat
1052 3655 1167 3722 ppritum

180 3733 293 3802 robigine
310 3734 408 3798 telum,
428 3752 475 3788 ace
495 3736 632 3804 quisquam
656 3745 746 3790 noceat
770 3740 864 3807 cupitlp
886 3741 953 3803 anibi
973 3738 1056 3806 pacis,
1091 3737 1167 3787 lllur-
1244 3802 1250 3814 Ι

182 3815 236 3868 tial.
251 3816 277 3882 u,
292 3815 336 3881 25,
352 3815 379 3869 5.
396 3825 477 3870 cauta
492 3820 528 3872 ait
543 3829 571 3874 ut
587 3823 686 3887 virtus,
704 3839 750 3875 aec
770 3831 796 3876 te
812 3823 964 3882 terat-rarius
978 3822 1056 3876 ardu
1071 3821 1100 3880 iu
1113 3839 1167 3872 rae-

180 3902 232 3954 dios
252 3920 323 3956 cases
340 3930 374 3940 -
391 3907 481 3976 serat,

223 4005 380 4057 coercenda
402 4003 490 4074 igitur
514 4013 577 4061 aaut
602 4025 650 4071 ee,
669 4027 740 4077 quaa
764 3990 887 4062 Krilaius
912 4007 1022 4076 scripsit
1047 4008 1081 4062 od
1101 4009 1166 4061 Sul-

183 4087 242 4160 lust,
256 4091 317 4146 cat.
329 4090 373 4157 ill,
388 4090 414 4164 2,
435 4109 486 4144 nee
503 4097 611 4164 poterat
628 4092 764 4167 scriptura
785 4093 965 4164 quorumdam
980 4094 1117 4166 librorum
1137 4093 1167 4182 'iu
1214 4150 1216 4153 ,

1122 528 1163 570 00
1271 534 1275 548 ·
