2858 4714
237 271 368 368 150'
678 305 853 420 neuun.

308 471 566 546 desipuimus,
583 479 614 532 at
633 441 723 532 aconti
731 447 926 547 senescentem
942 469 1081 546 incalceato
1104 477 1296 554 ponit‘offcn·
1316 519 1317 524 κ

172 599 174 606 .
204 619 206 626 y
303 559 377 646 'dere
410 557 554 622 Editioues
568 559 643 616 Iunii
657 557 973 634 aliorumqncomittuut
988 571 1028 620 at.

323 655 356 740 *l
380 652 592 722 Commutata
609 663 688 719 sunt
704 678 778 724 voc.
802 657 864 722 nec
888 653 946 720 ati
971 665 1004 722 ot
1032 678 1095 722 nec
1115 655 1182 723 tibi
1204 657 1298 746 apud

240 734 364 802 Lucan.
386 736 412 808 l.
426 737 451 807 l.
473 749 506 805 et
526 762 570 806 nc
594 739 651 804 cui
674 742 764 832 apud
787 743 936 809 Lactaut.
959 740 985 807 l.
1000 739 1025 808 l.
1053 741 1109 810 vd.
1131 741 1250 810 Gellur.
1264 739 1311 810 et

240 821 451 894 Biincmanu.
494 824 583 894 Alias
599 828 879 900 commutationes
893 829 1020 898 notavit
1039 827 1298 899 Drakenborch.

241 906 284 976 ad
298 907 370 979 Lis.
384 913 441 994 38,
455 909 509 994 49,
526 915 557 985 7,
600 918 604 923 ’
810 915 813 935 ”

632 1081 894 1190 NEDVM.
915 1153 931 1184 „

304 1253 545 1322 ,Grammatici
568 1253 767 1324 vocabulum
786 1253 914 1322 acediam
938 1263 978 1322 ut
1001 1255 1225 1346 explicarent,
1258 1257 1300 1323 ud

241 1336 374 1444 ellipsin
398 1338 607 1406 statuendam
632 1339 867 1433 confugiebant
892 1349 924 1406 et
947 1363 1063 1440 graeca
1089 1340 1129 1426 μὴ
1153 1338 1225 1420 ὅτι,Ι
1254 1342 1298 1430 μή

213 1479 216 1504 ,
242 1448 328 1504 οπως
343 1435 594 1526 comparantes,
614 1426 801 1508 docebant,
821 1425 949 1493 nedum
966 1449 1092 1494 omisso
1109 1429 1212 1494 verbo
1229 1449 1301 1494 esse

239 1509 307 1598 pro
329 1535 371 1578 ne
391 1512 517 1590 alaeam.
555 1516 609 1601 ¹tlt
632 1513 724 1614 quod
745 1535 807 1600 per
823 1534 860 1578 se
884 1523 1031 1592 constat,
1061 1513 1299 1613 supplemento
1327 1548 1330 1558 ·
1381 1552 1383 1556 -

240 1617 313 1662 nou
329 1609 414 1687 eget.
451 1599 762 1668 Demonstravimus
777 1621 821 1664 ne
838 1619 918 1664 cum
930 1599 1051 1664 maiori
1067 1610 1223 1688 gravitate
1237 1622 1302 1666 ne-

241 1683 412 1770 gationem
444 1683 635 1770 exprimere
667 1695 701 1754 et
731 1686 767 1752 in
799 1684 963 1774 oppositis
992 1681 1093 1751 rebus
1117 1683 1302 1774 significare

244 1791 337 1848 eam,
355 1790 445 1862 quae
463 1769 575 1835 minus
600 1791 702 1860 quam
726 1767 808 1835 aliae
831 1781 907 1839 ante
932 1769 1039 1836 dictae
1064 1769 1116 1837 uel
1141 1771 1303 1862 cogitatae

240 1864 397 1944 suppetat
428 1864 485 1922 aut
506 1853 604 1922 nullo
628 1867 730 1946 pacto
760 1854 965 1923 admittatur.
1006 1855 1045 1924 Id
1067 1858 1096 1922 si
1121 1859 1203 1944 quis*
1221 1877 1302 1924 ver-

240 1937 507 2024 bisacutam,
528 1963 571 2007 ne
593 1942 667 2031 quia
690 1940 789 2007 dicat
809 1952 843 2008 et
867 1942 1057 2030 germanico
1083 1942 1303 2032 geachweigc

243 2025 462 2124 expresserit,
483 2029 681 2097 sententiam
702 2027 829 2094 tenebit
850 2025 923 2094 fere
951 2025 1121 2106 eamdem,
1141 2049 1212 2093 non
1236 2048 1302 2092 ex-

242 2111 384 2203 plicabit
412 2112 621 2202 particulam.
679 2111 767 2180 Nam
794 2115 866 2204 ipsa
896 2113 978 2194 baec
1005 2113 1166 2202 particula
1194 2111 1301 2179 vicem

241 2198 490 2264 coniunctionis
512 2209 678 2288 praestat,
697 2221 783 2288 quac
805 2209 884 2289 post
904 2221 940 2265 se
963 2198 1212 2266 coniunctivum
1237 2197 1301 2264 ha-

240 2281 310 2352 bet.
352 2285 525 2352 Praeterea
546 2309 623 2352 cum
641 2309 685 2353 nc
704 2286 920 2352 coniunctum
935 2294 985 2349 est
999 2284 1100 2366 dnm,
1119 2284 1232 2372 quod,
1251 2285 1302 2352 uti

239 2369 308 2436 iam
334 2370 438 2443 Tem.
467 2377 500 2444 2.
527 2395 563 2466 p.
587 2377 649 2440 291
679 2381 713 2437 et
735 2377 812 2447 322.
845 2370 1086 2452 demonstravi,
1123 2373 1302 2436 decursum

240 2460 405 2544 temporis
422 2456 545 2524 indicat
561 2469 593 2524 et
611 2459 652 2524 ad
670 2457 854 2544 augendam
864 2457 1074 2544 negationem
1089 2456 1134 2522 ita
1145 2454 1302 2536 refertur,

197 2563 199 2568 ’
241 2550 281 2608 ut
301 2544 505 2632 germanico
519 2542 691 2612 dorcheim
718 2545 812 2610 caelat
834 2542 1048 2630 respondeat.
1093 2541 1136 2609 Et
1156 2539 1240 2608 illud
1258 2561 1303 2608 ne

244 2647 350 2716 quum
367 2628 607 2720 prohibitivum
628 2639 830 2719 potestatem
853 2627 991 2711 habeat,
1004 2638 1049 2694 ret
1070 2625 1112 2693 de
1134 2628 1174 2694 iis
1199 2647 1302 2693 usur-

242 2726 363 2814 petur,
392 2737 477 2808 quac
500 2716 536 2782 in
557 2716 759 2805 cogitatione
782 2715 961 2793 tollantur,
991 2714 1040 2780 uti
1067 2734 1224 2802 graecum
1247 2709 1317 2796 pal(

241 2820 353 2887 ipsum
370 2799 533 2886 siguificat
547 2825 591 2870 ne
608 2801 681 2891 qnia
700 2800 798 2866 dicat
813 2803 883 2867 sive
904 2801 1052 2888 cogitet,
1064 2801 1301 2898 ⁴germanicum

242 2883 434 2972 adgeselaen
457 2909 532 2956 vora.
563 2889 621 2970 ¹Et
640 2887 831 2973 comparari
859 2895 971 2974 potest
993 2909 1037 2952 nc
1062 2885 1194 2952 innisi.
1235 2882 1302 2948 Sed
1390 2914 1392 2922 ι

205 2997 214 3008 ’
240 2979 321 3036 bunt
351 2972 513 3039 dictiones
521 3019 533 3050 ,
566 2973 603 3039 in
629 2971 749 3060 quibus
781 2971 997 3062 explanandis
1025 2968 1182 3037 adhibere
1205 2969 1300 3034 nullo

239 3055 347 3123 modo
374 3058 481 3146 possis
497 3058 606 3126 “verba
630 3082 673 3125 ne
700 3057 836 3136 dicam,
863 3057 983 3146 quibus
1006 3056 1236 3122 adscendimus
1258 3053 1300 3120 ad

126 3181 134 3210 ι
240 3144 370 3209 maiora
382 3146 588 3231 etgraviora‚
607 3166 690 3246 qnae
707 3143 819 3232 eloqui
835 3164 912 3208 cum
930 3141 1071 3230 quadam
1090 3141 1302 3207 cunctatione
1328 3226 1331 3230 g

241 3227 413 3382 apdepaps.
441 3231 642 3324 Comparari
655 3231 757 3330 igitur
773 3229 895 3302 debant
909 3250 1026 3323 graecu
1045 3223 1086 3316 μή
1102 3253 1131 3294 ²⁸
1143 3264 1188 3281 ··
1202 3251 1243 3314 tte
1259 3223 1300 3310 μή

240 3339 259 3383 ’θ
304 3339 318 3381 Ε
372 3360 383 3382 ο
886 3343 889 3358 ”

257 3340 304 3448 'y
345 3342 474 3491 libaneis
495 3440 556 3491 crat
571 3409 680 3506 oplnlo,
698 3452 781 3507 quum
802 3432 964 3490 Scbcllcrun
986 3433 1016 3490 ln
1032 3434 1179 3488 observat.
1199 3448 1227 3501 p.
1239 3429 1302 3489 189.

254 3543 262 3554 1
309 3505 455 3576 proposuit
467 3504 512 3560 bic
527 3507 636 3562 sarbiae
660 3509 779 3574 ,medam
794 3504 905 3568 videtur
926 3521 987 3562 ema
1001 3505 1158 3560 catillatumv
1171 3517 1189 3554 c
1208 3517 1242 3554 aa
1257 3501 1301 3556 dt-

309 3594 369 3630 cam
384 3593 434 3644 poa·
448 3575 698 3632 contractionem.“

327 3687 414 3751 Vsus
432 3685 531 3752 huius
548 3687 698 3754 vocabuli
712 3707 784 3752 non
800 3683 841 3752 ad
856 3681 1084 3771 antiquissima
1099 3677 1231 3747 videtur
1247 3687 1302 3745 at-

244 3771 382 3837 tinuisse
399 3781 564 3861 tempero,
580 3772 614 3838 in
631 3772 750 3861 quibus
767 3795 810 3838 ne
831 3769 976 3860 simplex
991 3767 1175 3835 dicebatur.
1201 3764 1302 3864 Apud

245 3855 447 3928 Terentium
462 3857 591 3924 nectam
607 3858 728 3931 semel,
751 3856 840 3947 apud
858 3856 1012 3926 Plautum
1029 3875 1195 3941 nusquam
1215 3850 1302 3937 lega-

241 3951 310 4008 tur.
352 3943 441 4010 Nam
458 3943 593 4011 deloco
611 3945 685 4014 Cas.
703 3947 736 4026 5,
750 3946 783 4021 4,
800 3948 853 4012 23.
872 3941 947 4010 vide
964 3942 1128 4008 Gronovii
1143 3947 1273 4006 notam.

328 4062 391 4132 Pcr
415 4063 543 4131 nedum
566 4064 767 4138 res'tollitur
782 4062 942 4140 omnino,
963 4069 1064 4150 atque
1088 4059 1208 4126 dicitur
1231 4077 1303 4124 nou

244 4147 594 4219 inconsiderationem
614 4153 736 4222 venire.
779 4149 817 4218 ld
834 4170 914 4220 vcro
935 4147 972 4214 iu
996 4149 1147 4240 negativa
1166 4149 1303 4211 senteu-

1354 4019 1362 4050 l
