2858 4714
479 267 579 334 nac.
597 217 599 224 ’
620 266 786 352 nuova.
849 231 856 250 ’
1122 273 1167 340 se

94 438 209 516 ainnia
232 461 251 504 a
275 438 520 525 scriptoribus,
543 441 600 528 qui
622 441 784 506 maiorem
806 459 919 506 citrum
943 441 1084 507 orationi
1105 442 1166 508 ud-

105 527 282 604 bibebent,
306 525 492 614 prudenter
516 537 611 592 eraut
634 533 824 615 perspectu:
847 529 903 613 qui
921 538 1035 592 eutem
1055 523 1166 615 negli-

105 614 227 699 gentius
243 611 495 699 loquebantur,
517 614 685 698 vulgarem
705 635 800 677 ustnn
819 612 945 678 diversa
968 615 1165 680 miscentem

105 696 228 786 sequuti
247 710 339 762 sunt.
382 699 561 763 Recentior
583 709 668 764 aetus
694 699 836 788 denique
860 721 962 764 omne
986 701 1165 766 discrimen

104 785 218 850 borum
238 785 422 850 verborum
439 785 581 849 sustulit.
626 787 781 850 Cetertun
799 795 911 874 poetae
926 787 1025 851 etiam
1051 787 1085 850 in
1113 787 1164 854 bia

105 872 271 959 particulis
295 892 453 936 numeros
478 879 510 936 et
532 892 692 934 sonorum
717 882 913 938 concentum
937 873 1083 937 maxime
1102 896 1163 936 cu-

104 981 180 1022 rasse
197 980 304 1023 nemo
321 956 462 1046 negabit.
508 957 621 1038 Quare
642 957 729 1022 hattd
755 958 840 1024 mole
868 959 999 1021 Curtius
1026 958 1067 1022 ud
1093 960 1164 1023 Lu-

84 1053 163 1109 scan.
193 1053 226 1117 1,
252 1047 331 1108 228.
364 1043 564 1120 observavit,
595 1044 630 1107 in
660 1043 789 1108 duobus
812 1043 951 1131 pedibus
977 1047 1161 1110 hexametri

104 1133 232 1216 primis,
255 1129 541 1205 siticeut„unum
565 1129 968 1218 modordnctylumponi.
1010 1131 1162 1217 Wagne-
1214 1137 1227 1196 i

104 1239 148 1280 rua
164 1227 282 1280 nutem
301 1215 508 1279 demonstrat
533 1217 564 1280 in
585 1216 670 1280 tbesi
686 1216 816 1302 primae
834 1217 920 1282 sedis
935 1226 1063 1279 tanturn
1091 1239 1159 1280 non

100 1302 218 1390 ubique
244 1302 531 1388 inveniamque,
564 1301 595 1364 in
621 1305 717 1366 tertia
744 1300 822 1366 sede
843 1318 924 1380 nto,
949 1301 1013 1366 nisi
1038 1303 1159 1366 vocatis

105 1401 276 1476 sequatur,
296 1388 331 1452 in
347 1397 461 1473 quarte
476 1388 698 1474 sedesuepius
714 1409 776 1452 nec
792 1408 889 1473 quam
916 1409 1042 1474 aeque:
1065 1409 1162 1474 prae·

107 1486 184 1538 terea
207 1496 318 1560 neque
344 1482 420 1560 post
441 1495 475 1536 ee
499 1471 621 1539 battere
651 1495 775 1538 nomen
803 1495 820 1537 a
848 1473 951 1538 vocali
988 1473 1160 1560 incipiens,

109 1561 154 1625 sed
169 1583 229 1626 nec
248 1571 328 1624 ante
350 1557 497 1623 vocalem
517 1561 596 1646 poni
617 1558 667 1638 ob
683 1559 878 1647 gravitatem
898 1559 1090 1624 sententiae.

109 1769 112 1777 ,
177 1711 360 1782 ·iierrogiue
379 1713 414 1766 ed
432 1715 507 1768 Caes.
524 1715 596 1768 Bell.
618 1712 672 1768 civ.
688 1714 715 1778 1,
732 1712 776 1766 11.
798 1713 824 1780 l,
842 1713 886 1772 50.
903 1713 930 1777 2,
944 1708 988 1764 41.
1004 1712 1076 1764 baec
1090 1712 1161 1765 aneia

172 1801 259 1854 verbis
290 1815 401 1867 prureus
433 1800 571 1854 contraria
592 1798 742 1868 praecipit:
773 1795 854 1868 aequi
878 1815 939 1854 esee
965 1796 1159 1852 disiunctivuur

170 1894 196 1942 et
208 1884 376 1954 respondere
393 1901 495 1952 graecu
510 1882 577 1940 aaut
591 1873 619 1939 ct
639 1883 741 1938 reterri
755 1885 789 1937 ad
806 1885 910 1952 aliquid
927 1883 1098 1953 oppositum:
1115 1902 1161 1936 uec

166 1989 225 2023 esee
246 1967 467 2035 castimoniam,
497 1988 551 2041 qino
574 1968 679 2038 aliquid
705 1971 821 2024 natatur
843 1979 925 2042 atque
954 1969 1158 2041 aequiparetur.

165 2057 243 2124 Quae
256 2052 348 2106 omnia
364 2052 437 2108 inter
452 2069 482 2106 se
500 2053 642 2108 conciliari
657 2054 703 2108 vix
730 2063 850 2122 parerent.
886 2054 1093 2110 Vadeenimiu
1112 2073 1159 2107 nee

164 2139 340 2193 coniunctivae
353 2138 415 2204 vis,
434 2156 505 2209 quiec
523 2136 551 2192 in
570 2157 651 2208 aeque
667 2139 702 2194 ab
718 2141 826 2212 urigine
853 2141 981 2196 cunetat‘i
1002 2158 1055 2211 quo
1078 2139 1159 2194 moda

166 2230 340 2294 comparetur
356 2241 402 2276 nec
417 2242 479 2276 curn
495 2219 580 2290 ου’δὲ,
599 2242 683 2294 quum
701 2227 768 2278 eatis
786 2225 1003 2281 demonstratum
1018 2224 1055 2278 sit
1070 2242 1107 2278 re
1130 2230 1159 2279 et

165 2329 212 2379 que
229 2317 348 2378 cognata
371 2309 453 2362 aeee‘i
488 2307 577 2362 Miror
607 2307 691 2361 etiam
717 2310 869 2364 Obbarium
893 2311 920 2365 ia
943 2309 1037 2366 lebnii
1060 2311 1158 2366 Anani-

165 2395 303 2463 Snpplem·
323 2394 357 2458 Τ.
374 2394 399 2447 l.
416 2413 441 2462 p.
456 2391 516 2447 tue.
534 2393 671 2470 dubitare,
691 2411 727 2448 an
739 2387 807 2451 criti
824 2403 853 2450 et
868 2415 947 2466 aeque
966 2394 1083 2450 iurtiuru
1094 2411 1158 2448 ver-

120 2465 122 2472 *
163 2482 214 2547 be,
233 2473 300 2534 οὔτε
318 2485 346 2533 et
364 2497 410 2533 uec
425 2479 531 2532 leniora
554 2478 616 2533 sint.

193 2584 234 2638 Ne
255 2582 320 2654 quiri
336 2587 559 2650 praetereamus,
577 2579 764 2634 Grotetentiua
779 2581 807 2635 in
833 2581 957 2636 Gratum.
980 2577 1041 2635 lto.
1058 2599 1105 2636 neu
1123 2597 1157 2636 ex

164 2677 303 2724 contracto
319 2666 456 2722 vocabulo
472 2684 553 2737 necue
570 2683 603 2718 eu
619 2667 704 2719 modu
718 2672 808 2720 ortum
827 2683 888 2719 esee
902 2661 1086 2729 existimarit,
1103 2680 1157 2735 qua

165 2774 247 2820 aune,
266 2763 328 2809 tuac
345 2769 395 2821 pru
411 2771 540 2822 numque,
558 2761 663 2822 tinnpue
680 2749 828 2805 diceretur.
862 2749 1042 2804 Heinricbiuu
1056 2749 1084 2802 in
1098 2751 1157 2803 cic.

164 2841 332 2910 0rat1part.
349 2839 442 2892 iuedtt.
467 2857 495 2908 p.
513 2839 573 2892 111.
598 2835 666 2903 „eie
692 2836 833 2906 (quoniam
855 2853 904 2908 pue
927 2833 1156 2903 pronuntiabatur
1219 2907 1224 2915 ,
1265 2853 1266 2858 “
1356 2917 1359 2926 .

164 2931 194 2977 ut
218 2943 255 2979 ee.
282 2923 300 2976 i.
319 2941 343 2977 e.
368 2925 412 2992 tre)
433 2921 575 2995 seqnitur,
594 2939 742 2992 perparum
764 2921 880 2976 differre
905 2921 1101 2991 interneque,
1129 2921 1153 2975 ei

162 3016 236 3062 reete
252 3009 460 3076 pronuntiatur,
477 3017 505 3063 et
516 3027 577 3064 neor
598 3009 682 3061 immo
698 3014 774 3060 certe
789 3005 877 3072 nibil,
895 3006 919 3060 ai
942 3010 1006 3060 ente
1029 2998 1155 3062 ruentem

163 3091 274 3146 eliditur
287 3111 317 3160 e,
337 3100 369 3146 nt
390 3101 521 3148 vanescat
544 3109 629 3162 prope
654 3096 771 3164 regula,
793 3099 848 3163 quta
867 3107 917 3166 uec
941 3097 1004 3146 ante
1030 3078 1153 3150 iocatum

162 3191 309 3246 numquam
324 3179 444 3250 positura
456 3181 578 3246 ¹volunt,
599 3184 628 3233 et
646 3179 782 3248 quaedam
808 3178 893 3230 etiarn
910 3190 1007 3230 rursus
1028 3178 1083 3234 siut
1104 3181 1154 3234 ab·

162 3263 301 3338 rogandae
319 3265 414 3334 legum
433 3264 563 3330 iliarum,
583 3280 651 3332 quae
673 3281 760 3338 anper
783 3261 894 3338 scripsit
916 3261 1007 3320 Gatoi.
1030 3263 1171 3342 (ieiunu-v

162 3349 209 3406 ier
225 3347 259 3408 at
284 3349 464 3424 Propertium
484 3368 511 3418 p.
525 3349 586 3402 365.
621 3348 692 3401 Mibi
707 3349 816 3402 omnino
831 3367 885 3403 non
902 3349 1088 3419 quaerentium
1107 3348 1153 3404 ti·

163 3432 248 3498 detur,
266 3440 331 3486 aute
346 3435 472 3486 vuceicrn
490 3435 554 3502 quiri
572 3433 636 3504 paui
652 3423 842 3503 oportunitas
856 3443 948 3487 cetero
964 3442 1057 3490 eutem
1072 3423 1156 3492 unice

162 3518 311 3571 audiendus
327 3519 473 3576 Reutleiue
490 3519 524 3574 ad
541 3497 642 3573 iterati
652 3517 679 3583 a,
694 3518 738 3585 tt,
753 3517 797 3573 te.
831 3520 872 3574 Ne
891 3521 1017 3588 offendor
1032 3521 1151 3592 quidem,

163 3617 244 3676 quunt
259 3620 311 3672 per
326 3595 479 3658 codices'iu
502 3604 598 3656 eodem
625 3603 759 3672 scripture
782 3603 846 3672 lego
866 3623 949 3674 neque
972 3609 1040 3661 euim
1060 3613 1088 3660 ct
1106 3624 1151 3662 neu
1171 3659 1174 3668 κ

160 3689 242 3752 euim,
262 3695 293 3744 nt
310 3688 339 3740 iu
359 3689 490 3743 tunneto
506 3689 530 3753 l,
545 3687 589 3740 89.
607 3695 638 3741 et
653 3689 695 3753 11,
710 3689 773 3742 8⁰.“
810 3690 979 3744 Goerenuiue
996 3691 1101 3744 cteta
1117 3692 1152 3744 tle

159 3771 217 3826 tta.
234 3791 261 3842 p.
276 3769 338 3826 531.
363 3777 490 3844 reguiam
514 3775 607 3826 nescio
628 3773 705 3828 cuiue
727 3774 847 3832 aucturis
863 3779 1074 3835 commemorat,
1096 3791 1151 3842 qua

159 3873 201 3912 uec
214 3863 278 3910 ante
294 3859 421 3911 ruentem
438 3859 500 3926 poni
520 3859 623 3912 debere
644 3861 711 3914 oiim
734 3861 875 3912 decretum
898 3860 941 3914 eit.
977 3857 1150 3914 contrariam

159 3940 317 3998 sententiam
339 3943 462 3996 defendit
492 3944 666 4002 Eulaeteiniue
693 3946 726 3999 eat
753 3944 847 4001 'l'ac'rti
864 3943 937 3998 litat.
960 3941 1004 3995 tt.
1036 3961 1061 4013 p.
1086 3943 1149 4003 ena.

158 4025 297 4080 Bentleiua
315 4028 348 4080 ati
366 4027 477 4084 Horatii
497 4045 580 4086 carru.
599 4031 678 4085 titudo
698 4031 821 4088 dictauit
840 4029 934 4094 „illuri
958 4028 1148 4084 animadverto

160 4109 297 4170 varietatis
313 4113 359 4172 bic
374 4104 493 4191 gratiam
509 4113 676 4190 quaesivisse
687 4121 819 4183 nastrum,
836 4119 865 4168 et
881 4113 986 4188 quaties
1002 4115 1073 4171 tiber
1087 4121 1148 4171 erat
