2830 4712
138 233 977 366 ι11 111,

233 435 375 513 possiunt
391 427 645 495 coniunctiones
660 439 694 495 et
714 431 776 498 alia
790 428 905 510 verbo,
929 429 1049 519 quibus
1073 433 1288 525 interrogatio

232 509 422 578 substructa
445 523 514 595 est,
553 525 610 580 ant
635 516 692 582 nbi
716 515 799 584 dnae
822 518 1097 606 interrogationes
1119 523 1153 588 in
1188 544 1289 589 naam

233 596 487 664 contrabuntur.
538 600 692 668 Liberior
718 605 818 670 etiam
855 613 904 669 est
935 615 1100 674 structura
1136 606 1289 696 obliquae

161 738 166 748 ,
219 683 523 774 interrogationis,
544 687 660 775 inqua
680 691 846 777 praemitti
862 690 939 756 lieet
954 713 1080 758 nomen
1098 693 1246 762 subiecti.

190 879 193 882 Ι
345 807 404 864 cto.
421 827 447 876 p.
463 807 546 864 Ruso.
559 808 620 864 Am.
637 808 681 876 15,
695 809 739 864 44.
758 820 878 868 tamenne
898 813 963 866 itaer
979 819 1078 868 attenta
1095 809 1155 869 'uita
1171 823 1195 870 et
1208 820 1288 871 rusti·

297 915 367 951 sana
381 895 511 965 relegatio
526 903 605 966 atque
618 899 775 954 amandatio
795 897 990 969 appellabitur?
1016 897 1056 951 ule
1077 898 1140 954 Nat.
1159 900 1186 953 tl.
1202 901 1227 969 1,
1241 901 1285 966 29,

299 979 344 1036 81.
361 987 483 1034 tamenne
497 981 546 1033 ista
563 989 620 1036 tam
634 983 748 1037 absum
771 984 916 1053 defendes?
985 980 995 1032 ss

343 1081 529 1138 1111111111
549 1081 576 1148 2,
592 1084 617 1151 l,
633 1083 677 1166 15.
696 1087 742 1140 sed
756 1104 808 1157 ego
823 1103 913 1181 1111111
927 1089 974 1142 ille
987 1087 1099 1180 infelix?

343 1184 402 1240 cte.
424 1186 459 1239 tle
481 1185 547 1256 Leg.
571 1187 698 1254 2,6,12.
723 1189 752 1242 nt
777 1197 846 1243 estne
867 1192 1055 1244 numerandam
1076 1190 1105 1244 in
1126 1187 1218 1246 tonat
1251 1189 1286 1244 tle

292 1270 357 1326 ltus
373 1271 400 1325 tl.
416 1267 502 1335 1,’64,
516 1270 560 1324 96.
580 1275 705 1326 mundum
719 1283 823 1343 praeter
835 1276 903 1328 buno
920 1291 1075 1344 ammanus
1089 1276 1207 1331 uidisti?
1233 1277 1286 1330 Ne·

240 1383 243 1390 =
315 1357 381 1411 abis.
436 1361 447 1384 ⁹
475 1378 480 1393 .
861 1371 867 1392 ‘

292 1375 315 1430 g
342 1458 442 1528 ⁰¹⁰2?-
456 1458 564 1514 Cluent.
579 1455 623 1524 34,
637 1455 682 1512 94.
699 1462 789 1529 quial?
806 1381 1090 1529 conferam·Sullansae
1105 1479 1164 1514 eum
1186 1429 1287 1514 lanio?

299 1562 334 1600 an
354 1545 423 1597 bane
437 1545 568 1598 tribunum
581 1545 664 1614 plebis
684 1563 743 1600 eum
760 1546 886 1614 Quintio?
918 1546 1026 1615 Duplex
1040 1553 1081 1599 est
1096 1545 1125 1598 in
1138 1545 1183 1599 bis
1198 1563 1284 1614 quse·

294 1628 364 1682 stiae
387 1646 452 1682 num
465 1634 600 1698 conferam
614 1629 738 1684 saun?
760 1635 805 1697 et,
832 1648 897 1685 nunt
913 1634 1043 1701 conseram
1059 1631 1162 1686 Sullam
1181 1649 1219 1684 an
1232 1632 1283 1686 tri·
1318 1681 1323 1685 .

291 1713 410 1768 bunum?

340 1814 479 1884 Obliquas
492 1821 555 1870 sunt
570 1814 701 1870 orationis
720 1817 809 1872 baeer
835 1816 892 1870 cie.
908 1815 994 1871 beai.
1008 1814 1035 1881 2,
1049 1811 1092 1881 69,
1111 1814 1171 1868 122.
1195 1824 1226 1870 ut
1242 1817 1283 1871 ui·

291 1900 413 1966 neamus,
441 1908 513 1955 terra
532 1903 667 1970 penitusne
686 1904 775 1970 alesine
800 1903 844 1956 sit.
878 1901 907 1954 iu
927 1903 1007 1954 Verr-
1028 1898 1056 1966 4,
1074 1897 1193 1966 61151.
1216 1903 1283 1956 bane

292 1999 350 2034 sum
371 1991 530 2053 rogaturus,
554 2003 646 2038 nauem
668 1987 762 2056 populo
785 2001 889 2040 romono
919 1986 1069 2040 debeantne.
1109 1985 1283 2041 Goereanius

289 2067 465 2122 scribentium
479 2077 571 2148 censet
584 2072 694 2124 debeant
706 2088 793 2123 neone.
827 2066 882 2122 Sed
899 2069 992 2139 paullo
1013 2075 1074 2137 post
1091 2067 1282 2140 0111111111-

278 2147 409 2205 'mentun
428 2155 461 2206 ab
484 2155 525 2206 itis
546 2157 716 2224 usmpsetitne
739 2155 769 2206 G.
794 2154 894 2207 Verres.
926 2153 956 2206 in
977 2152 1067 2206 Vatia.
1089 2151 1133 2219 14,
1148 2151 1192 2206 64.
1215 2155 1282 2210 beno

292 2231 382 2289 emnia
395 2239 496 2291 sciasne
503 2240 615 2308 publicis
628 2241 722 2293 tubulis
735 2256 790 2294 esse
805 2245 908 2294 notata.
942 2237 1086 2308 Singulari
1101 2239 1181 2292 morlo
1192 2241 1281 2294 Varro

292 2320 327 2374 tle
343 2319 422 2391 Ling.
440 2322 531 2391 1116,
551 2323 606 2392 (1,)
624 2324 650 2389 1,
664 2325 691 2377 2.
710 2325 754 2394 qai
769 2325 879 2378 ostendit
894 2323 1039 2391 equitatum
1054 2337 1106 2376 esse
1130 2325 1164 2378 ab
1186 2325 1281 2393 eusiti-

193 2465 199 2479 1
233 2397 236 2404 ’
290 2407 336 2459 bos
356 2435 386 2447 ·-
405 2426 484 2480 neque
498 2427 579 2478 equata
596 2411 664 2463 unde
685 2411 720 2462 sit
736 2411 817 2474 dicit,
842 2418 931 2462 tamen
954 2408 997 2462 itit
1013 2409 1088 2461 donet
1108 2415 1133 2462 et
1147 2409 1230 2481 plere
1252 2417 1280 2466 el

290 2493 421 2562 satisfacit
449 2502 546 2564 gretan
574 2511 649 2563 quem
670 2494 775 2548 imitari
794 2492 972 2565 patrimusas,
1003 2492 1060 2564 ipse
1080 2493 1144 2548 ttter
1165 2496 1215 2552 erit
1235 2497 1280 2550 in·

290 2578 367 2632 siieio.

306 2735 338 2796 3.
360 2727 398 2795 ln
417 2730 468 2797 his
484 2755 587 2820 quum
610 2755 653 2798 ue
670 2730 802 2797 accedat
821 2739 971 2809 tantum,
990 2751 1052 2796 nee
1068 2752 1111 2796 ne
1134 2731 1201 2820 atio
1219 2754 1280 2820 per
1326 2779 1331 2784 -

214 2836 255 2890 ae
268 2827 415 2898 constet,
440 2817 513 2883 fieri
531 2818 625 2884 nullo
648 2828 746 2906 paeto
775 2826 906 2903 potest,
928 2827 965 2882 ut
1013 2754 1148 2882 aetianis
1173 2819 1296 2883 inter··

220 2904 390 2986 rogationi
404 2905 658 2991 praemittatur,
681 2911 752 2978 aut,
773 2900 934 2988 producta
950 2839 1100 2989 syiiaba,
1120 2903 1161 2967 ab
1183 2903 1278 2968 initio

221 2997 388 3072 ponatur:
422 2999 505 3053 esset
526 2989 615 3053 enim
638 3011 700 3075 pro
724 2987 954 3054 nondictum.
1007 2988 1138 3053 Tamen
1157 2989 1203 3054 ita
1226 2990 1279 3055 vi·

220 3093 295 3136 sum
319 3085 388 3138 erat
410 3085 442 3138 et
467 3075 616 3139 Gesnero
636 3077 673 3138 in
695 3073 782 3138 notis
810 3072 850 3138 ad
868 3076 987 3140 Calon.
1015 3074 1055 3138 de
1073 3073 1122 3140 Re
1142 3096 1171 3138 r.
1198 3079 1227 3153 1,
1245 3075 1278 3140 6.

220 3166 254 3220 et
272 3157 441 3231 schellero
457 3164 492 3226 in
510 3160 651 3225 Observ.
669 3184 703 3247 p.
721 3160 775 3224 65.
819 3159 894 3240 Qua
911 3160 1100 3226 conditione
1114 3159 1150 3223 id
1165 3157 1223 3224 fiat
1242 3160 1278 3225 in

219 3239 446 3328 dubitatione,
469 3244 554 3311 infra
570 3266 787 3335 exponamus.
1159 3288 1170 3300 -

334 3367 447 3422 Terent.
468 3369 552 3423 Andr.
573 3366 601 3430 4,
623 3365 650 3431 4,
667 3363 712 3420 45.
739 3366 864 3420 ausculta.
899 3380 946 3416 en.
979 3365 1077 3418 Audiui
1103 3365 1157 3418 iam
1179 3364 1278 3420 omnia.

289 3467 335 3506 nn.
368 3453 412 3505 At
435 3472 467 3508 ne
488 3462 517 3508 tu
531 3454 625 3506 emnia.
661 3469 706 3504 cn.
742 3450 858 3513 Audiui,
874 3450 995 3518 inquam,
1014 3467 1032 3501 a
1048 3449 1187 3520 principio.
1220 3447 1279 3503 Nee

220 3554 223 3572 ¹
286 3537 416 3590 mutanda
434 3545 513 3592 erant
530 3540 616 3604 haee,
634 3553 705 3608 quae
717 3537 841 3588 Donatus
859 3534 981 3588 vindieat
999 3534 1054 3588 itu:
1074 3551 1108 3588 ne
1125 3542 1156 3587 tu
1178 3535 1277 3600 amnia,

287 3628 317 3674 ut
330 3641 361 3675 ne
373 3625 550 3693 producatur,
567 3631 594 3678 et
610 3623 758 3692 accipiatur
775 3637 825 3690 pro
844 3638 903 3672 noa.
936 3619 1016 3689 Apud
1036 3618 1095 3672 cie.
1111 3615 1231 3684 verr.4‚
1250 3617 1277 3684 t,

288 3705 333 3760 15.
348 3727 381 3762 ue
387 3715 461 3779 forte
474 3711 588 3764 reticeat.
606 3706 727 3777 exposita
742 3704 800 3757 iem
819 3721 846 3772 p.
859 3702 904 3756 39.
922 3710 965 3756 est
979 3703 1062 3757 ratio.

302 3862 335 3924 4.
366 3860 536 3941 Quoniam
553 3881 632 3927 vero
648 3859 685 3924 in
700 3855 815 3923 multis'
837 3855 1000 3944 exemplis
1022 3855 1130 3920 levior
1153 3853 1200 3918 vis
1226 3854 1280 3918 vi*

221 3940 356 4009 deretur
378 3948 485 4013 inesse
509 3949 545 4014 in
575 3947 637 4011 hac
666 3943 849 4032 particula,
885 3953 962 4008 nata
993 3953 1043 4005 est
1073 3939 1129 4038 illa
1159 3940 1289 4036 opinio=

220 4033 535 4114 grammaticorum,
558 4054 622 4119 qua
639 4029 808 4112 dicebant,
833 4052 907 4093 eam
924 4027 1065 4092 omnino
1080 4025 1165 4090 nihil
1187 4023 1276 4088 aliud

217 4127 386 4212 praestare
402 4139 504 4206 quam
527 4118 659 4206 signum
682 4113 967 4205 interrogationis:
997 4111 1098 4202 idque
1122 4130 1277 4199 praeser-
