2760 4714
291 238 563 368 emersam.
581 304 586 318 ·
605 295 905 372 susannense.
1067 301 1135 375 ate

74 463 159 530 illac
178 473 319 530 ventum
332 475 400 544 eet,
422 463 475 530 ire
493 464 576 532 illuc
590 464 702 533 iubet:
725 468 855 534 incerte
868 469 1133 556 errataotmuo,

68 549 485 638 praeterpropteroitam
507 551 651 617 vivitur.
711 553 774 618 Sed
799 555 1045 641 grammaticus,
1069 558 1127 642 qui

74 634 236 715 adstabat,
251 635 275 697 si
300 633 523 702 nificationem
533 637 624 701 verbi
640 657 709 701 non
726 648 856 726 poterat
873 639 1048 724 declarare,
1063 663 1125 708 nee

75 719 201 785 Gellius
217 658 371 806 explicat.
417 719 560 808 Scaliger
576 721 617 785 de
639 723 751 789 Causa.
775 724 797 787 l.
823 723 847 787 l.
869 747 898 788 e.
926 711 998 790 l57.
1012 737 1127 811 Ρνιιε-ι

72 815 267 891 terpropter
288 805 405 879 eitam,
427 806 543 892 inquit,
565 806 597 870 id
621 817 687 886 est,
717 810 854 873 vivimus
879 810 934 886 ita,
956 819 992 874 nt
1009 809 1124 877 videe-

71 911 153 956 mur
175 899 315 976 propter
331 890 458 976 quidvis
477 895 586 976 potius
613 913 712 978 qnam
741 904 881 980 propter
901 896 1013 960 ritem.
1049 897 1122 961 Go-

73 977 197 1040 elenius
214 975 352 1039 Observ.
371 999 401 1064 p.
422 979 493 1040 188.
511 975 672 1064 explicat:
693 990 832 1066 propter
855 979 953 1043 aliam
974 999 1122 1046 cannam

74 1061 194 1141 vivitur
210 1081 309 1146 quam
327 1061 370 1125 ob
390 1083 481 1138 eam,
506 1064 596 1126 cuius
614 1065 716 1150 gratia
733 1067 797 1130 vita
811 1063 932 1129 tradita
947 1074 995 1129 est
1013 1066 1121 1135 nobis.
1181 1117 1183 1124 ,

73 1147 251 1212 Salmasius
269 1145 385 1212 Exere.
400 1147 482 1210 Plin.
499 1169 533 1234 p.
551 1152 623 1214 879.
634 1151 917 1236 praeterpropter
931 1147 1121 1218 absolutum

72 1253 144 1298 esse
158 1240 264 1332 putat,
286 1242 322 1294 ut
336 1231 418 1317 plus
433 1232 564 1313 nunus,
586 1255 706 1319 erisque
721 1233 845 1322 deque,
864 1243 896 1297 et
911 1233 1122 1301 scribendum

71 1327 194 1382 essem
211 1315 361 1406 Enniano
374 1327 658 1405 praeterpropter
669 1320 748 1383 vita
763 1320 909 1384 vivitur.
951 1320 1019 1401 Qui
1033 1330 1121 1387 recte
1158 1321 1159 1326 ’

71 1403 141 1466 otia
154 1423 212 1466 sua
230 1423 356 1488 ponere
370 1402 528 1479 nesciant,
547 1425 604 1467 eos
619 1415 896 1492 praeterpropter
909 1404 1027 1470 trivere
1043 1405 1119 1486 dici,

70 1489 241 1552 interdum
260 1485 325 1550 hoc
346 1487 460 1564 modo,
481 1487 647 1554 interdum
665 1489 729 1553 alic
748 1490 871 1575 absque
891 1488 958 1556 ulla
980 1492 1119 1564 ratione,
1218 1548 1223 1556 .

69 1573 175 1648 modo
204 1572 260 1636 lan
287 1572 334 1636 ius
364 1571 493 1651 abesse,
534 1573 639 1638 modo
666 1575 805 1661 propius
831 1573 872 1641 ab
901 1573 967 1640 boc
999 1575 1049 1642 vel
1077 1575 1118 1639 ab

68 1658 130 1724 illo
165 1595 292 1723 vivendi
317 1658 503 1757 proposito.
560 1657 846 1758 Praeterpropter
866 1659 1118 1748 quinquaginta
1175 1706 1181 1710 -

70 1766 149 1821 esse,
184 1743 313 1807 circiter
342 1742 588 1891 qumquaqinta.
632 1743 707 1830 plns
734 1767 843 1810 minus
873 1745 1118 1833 quinquaginta.

71 1827 290 1893 schwartzius
313 1828 349 1892 in
373 1828 491 1893 Tursel
506 1830 562 1892 ino
583 1827 679 1892 haec:
702 1827 867 1907 „fortasse
883 1828 1119 1916 planiusdicas

70 1925 104 1978 et
119 1913 160 1978 ad
181 1914 378 1978 sententiam
402 1912 502 1976 Ennii
523 1914 813 1993 accommodatius,
843 1915 871 1980 si
887 1918 932 1980 sie
948 1916 1119 2004 interpre-

1 2045 2 2072 ;
70 2000 166 2064 teris:
190 2009 245 2062 aut
261 1997 307 2062 cis
326 1999 411 2062 riam
425 2008 533 2062 rectae
545 2001 694 2081 rationis,
713 2011 779 2066 aut·
792 2000 879 2064 ultra
898 1999 967 2064 l'ere
984 2023 1120 2066 versan-

1 2163 2 2166 Ἴ
69 2095 125 2148 tur
139 2083 305 2148 homines.
347 2082 481 2148 Errare
496 2085 584 2148 euim
602 2094 734 2150 estnon
753 2085 902 2150 insistere
917 2096 1040 2166 certam
1051 2085 1120 2151 ¹tri-

1 2253 2 2256 Ἴ
69 2179 204 2256 tamque
221 2169 318 2233 viam.
359 2169 499 2232 Animus
522 2169 634 2256 igitur,
657 2172 714 2258 qui
730 2171 859 2238 incerte
874 2182 987 2251 errat,
1015 2171 1120 2238 disce-

69 2255 118 2322 dit
134 2278 151 2319 a
176 2255 275 2319 viaet
291 2252 342 2320 rel
357 2254 437 2320 citra
453 2276 526 2320 eam
545 2255 666 2342 abripit
681 2255 853 2322 hominem
870 2255 919 2321 rel
936 2257 1055 2323 ultra.“
1082 2255 1119 2322 Si

68 2341 105 2406 in
122 2340 221 2406 Ennii
237 2337 324 2404 libro
340 2339 448 2404 eitam
460 2341 621 2426 seriptum
644 2353 732 2420 erat,
765 2348 890 2406 veteres
911 2340 1118 2426 grammatici

72 2424 236 2489 dubitasse
261 2424 424 2501 videntur,
447 2444 527 2488 num
539 2435 681 2510 praeter
701 2445 766 2511 pro
790 2425 1036 2511 praepositione
1061 2447 1117 2490 ae·

1 2531 3 2558 l
70 2509 136 2596 cipi
159 2505 311 2590 deberet,
335 2519 372 2572 ut
389 2518 490 2572 esset:
506 2519 651 2594 praeter
661 2509 958 2594 propter-vitam,
987 2531 1026 2572 an
1053 2509 1119 2573 du-

2 2619 3 2644 l
95 2595 147 2660 lex
162 2603 247 2659 esset
265 2593 466 2682 praepositio
489 2605 632 2694 praeter
646 2593 760 2658 vitem
784 2603 816 2658 et
835 2604 979 2679 propter
996 2592 1119 2660 vitam.

2 2709 3 2730 i
66 2619 111 2746 dt
131 2679 259 2768 scripsit
276 2679 330 2744 ille
346 2689 444 2768 poeta
459 2690 548 2744 orto.
591 2677 680 2744 Tum
698 2688 981 2825 praeterpropter
1001 2677 1119 2742 adver-

67 2764 199 2830 bialiter
234 2763 354 2829 dieitur
384 2763 425 2828 de
449 2785 484 2828 re
516 2785 586 2829 non
615 2773 764 2828 accurate
796 2764 836 2827 de
862 2761 997 2842 nienda,
1035 2780 1119 2849 quae

66 2851 171 2916 modo
188 2849 335 2931 excedat,
358 2848 463 2914 modo
480 2849 520 2914 ad
536 2849 678 2936 aliquem
694 2849 873 2912 terminum
891 2847 1031 2912 accedat.
1057 2851 1119 2912 At·

2 2983 3 2994 .
67 2957 134 3024 que
149 2935 216 3000 hoc
237 2936 333 2999 etiam
356 2935 396 2999 de
411 2955 552 2999 numero
576 2958 645 3034 non
670 2933 853 3000 distinctius
877 2931 1076 2998 definiendo.
1108 2939 1113 2948 “

152 3055 184 3138 *)
207 3054 353 3119 Praeter
367 3038 399 3118 et
437 3064 554 3139 rapter
567 3062 875 3142 saepecommutata
889 3063 967 3120 sunt
981 3077 998 3120 a
1015 3051 1118 3120 libra-2

2 3157 3 3164 ’
67 3140 139 3208 riis.
161 3139 236 3208 ride
251 3140 382 3206 Lucret.
424 3140 531 3222 ,142

133 3423 541 3512 seraranan.
599 3368 1053 3511 calamariae.
1165 3397 1169 3408 “

138 3619 327 3686 Praetereo
341 3640 410 3683 non
426 3639 495 3684 esse
508 3629 648 3708 praeter
661 3639 703 3684 en
717 3619 853 3686 ultimae
865 3619 1009 3707 syllabae
1021 3639 1118 3683 men-

65 3725 146 3770 sura
162 3715 194 3770 et
219 3705 377 3772 vocabula
397 3706 540 3769 eiusdem
563 3701 693 3769 formae
707 3716 830 3784 antea,
859 3716 984 3790 posteo
1003 3713 1118 3768 osten·

68 3789 164 3857 dunt.
208 3791 319 3872 Quare
334 3788 415 3864 nihil
432 3787 583 3876 impedit,
597 3791 771 3873 quominus
787 3792 885 3856 etiam
901 3789 941 3854 de
955 3809 1021 3853 una
1036 3809 1118 3876 per-

66 3897 153 3942 sona
167 3877 219 3942 vel
235 3877 275 3942 de
297 3897 361 3942 una
376 3897 412 3940 re
428 3885 504 3938 ante
519 3874 688 3940 nominata
711 3875 848 3940 dicatur.
893 3875 979 3938 Nam
1003 3882 1119 3950 eaest

68 3983 108 4026 ea
124 3961 269 4041 ratione,
300 3983 340 4028 eo
364 3969 532 4047 respectu:
565 3981 633 4047 qno
649 3956 1064 4046 nihilsignifioaturquam
1081 3967 1120 4023 nt

67 4045 112 4110 ad
140 4046 285 4134 aliquam
313 4067 385 4112 rem
413 4046 548 4130 eiusque
583 4045 748 4112 rationem
771 4044 995 4128 respiciamus.
1045 4043 1118 4108 Alio

66 4129 176 4196 modo
202 4133 359 4201 Germani
379 4133 564 4220 loquuntur
590 4130 804 4210 ausserdem,
831 4126 1005 4196 dberdiea:
1030 4129 1120 4196 idem

120 4231 178 4300 IV.
803 4245 808 4256 ·
870 4231 913 4298 85
