2858 4714
560 285 690 356 unvn.
735 275 835 357 unv.
983 283 987 302 ¹
1090 238 1094 250 ’
1165 279 1226 360 us

168 459 345 550 exempla,
376 455 558 524 verendum
583 468 654 544 cst,
683 481 727 526 ne
752 459 989 548 grammaticus
1013 463 1169 528 erraverit
1191 465 1227 531 in
1253 525 1256 548 ,

169 545 371 636 explicando
400 543 560 609 vocabulo
584 545 672 625 nisi,
700 543 792 634 quod
810 546 921 632 ipsum
945 564 1009 630 pro
1038 548 1114 612 aresi
1136 548 1228 614 dice-

169 629 281 714 batur,
303 642 337 698 et
355 631 533 719 scepsius,
557 640 592 694 ut
609 630 651 696 ad
669 631 900 722 explicandam
916 633 1113 700 sententiam
1129 633 1227 703 adhi-

172 720 242 786 bcri
256 727 370 810 posset
384 716 590 806 praepositio
606 718 689 784 siae.

473 918 687 1009 NEVE.
748 917 899 1010 NEV.

253 1076 345 1145 Ncoe
367 1086 399 1141 et
416 1096 483 1141 neu
498 1072 750 1141 coniunctiones
768 1083 845 1141 sunt
858 1073 1071 1142 disiunctivae
1094 1078 1129 1143 in
1145 1099 1226 1144 sen·
1278 1119 1281 1130 ·

169 1164 301 1238 tentiis,
325 1185 408 1250 quae
425 1161 636 1248 negationem
651 1162 857 1249 exprimunt,
877 1159 1061 1247 ponendae.
1104 1161 1143 1228 ln
1159 1185 1226 1231 neu

169 1251 361 1316 decurtatur
378 1247 505 1336 syllaba
521 1269 581 1335 per
599 1267 793 1336 apocopen,
816 1266 883 1331 quo
906 1243 962 1325 lit,
984 1257 1020 1310 ut
1037 1269 1225 1316 consonans

165 1339 205 1404 in
236 1335 385 1400 vocalem
417 1343 578 1414 transeat,
616 1333 700 1398 sicut
736 1334 772 1398 in
798 1352 867 1396 scu.
916 1319 999 1398 Vide
1030 1333 1226 1404 Schneideri

170 1425 320 1488 Gramm.
346 1419 388 1485 T.
408 1425 435 1483 1.
453 1442 487 1506 p.
507 1419 580 1484 175.
600 1427 632 1483 et
646 1419 721 1484 365.
766 1416 935 1504 Elegantia
955 1419 1118 1485 varietatis
1127 1447 1142 1501 ,·
1159 1442 1226 1509 qua
1312 1483 1314 1492 ,

39 1538 48 1552 ·
166 1507 334 1574 Bentleius
364 1504 484 1603 aliique
509 1504 741 1570 existimarunt
770 1513 887 1591 poetas
914 1512 1056 1570 mutasse
1082 1505 1223 1588 formai,

169 1617 231 1658 nec
248 1591 298 1656 bis
317 1611 467 1680 posuisse
484 1611 549 1654 neu
565 1589 633 1655 sive
656 1611 756 1669 neve,
778 1587 871 1652 nulla
889 1599 977 1667 erat,
995 1611 1038 1656 ne
1061 1593 1223 1681 exemplis

170 1678 303 1764 quidem
328 1675 561 1764 comprobata.
612 1673 829 1742 Grammatici
851 1673 905 1739 alii
928 1675 1135 1764 praecipiunt
1156 1701 1224 1745 nort

170 1784 333 1849 nusquam
352 1773 428 1826 onte
446 1760 594 1830 vocalem
614 1762 761 1848 positum
785 1781 822 1825 re
848 1761 936 1826 ariri.
978 1761 1162 1829 Hermann.
1187 1766 1223 1832 in

170 1847 278 1914 Praef.
303 1849 344 1913 ad
364 1847 467 1912 Plauti
488 1846 647 1912 Trinum.
669 1869 700 1934 p.
722 1849 771 1912 14.
817 1781 883 1910 god
907 1847 1040 1913 Plautus
1068 1849 1099 1914 Τ
1103 1851 1223 1918 riuum.

168 1941 200 2014 δ,
216 1941 247 2022 3,
261 1939 315 2000 27.
334 1955 399 1998 neu
415 1933 530 2022 ipsum
544 1955 617 2014 rom
634 1931 795 2019 indaget.
836 1933 944 2020 Atque
959 1933 1005 1998 ita
1022 1935 1111 2021 apud
1126 1934 1223 2004 alios.

253 2051 457 2139 Significatio
482 2049 521 2117 ad
546 2073 620 2116 eom
640 2051 728 2117 redit
745 2051 928 2132 rationem,
951 2073 1051 2140 quam
1072 2053 1175 2121 Tom.
1193 2063 1223 2124 1.

166 2161 203 2228 p.
220 2141 296 2207 527.
320 2139 470 2226 exposui.
518 2134 559 2201 V
555 2161 573 2202 e
590 2137 698 2211 enim,
721 2137 813 2224 quod
830 2159 894 2224 pro
912 2137 963 2204 vel
975 2138 1096 2212 dicitur
1109 2143 1223 2207 mino·

166 2226 196 2292 ri
213 2227 291 2289 cuin
314 2224 365 2302 vi,
388 2246 456 2288 non
481 2223 568 2308 ipsas
594 2245 646 2288 res
669 2223 813 2288 diversas
832 2225 976 2310 opponit
999 2236 1056 2290 aut
1080 2225 1247 2296 alterum·

166 2311 271 2390 altero
288 2313 399 2398 posito
417 2309 580 2386 excludit,
602 2304 659 2372 sed
676 2308 717 2373 ad
738 2309 975 2394 cogitationem
996 2322 1168 2396 provocat,
1189 2321 1223 2380 et

167 2395 310 2472 iudicio,
333 2395 424 2482 quod
442 2393 718 2483 problematicum
737 2415 910 2473 vocamus,
934 2397 1106 2483 optionem
1129 2397 1221 2482 facit,

162 2492 281 2558 ,utrum
298 2481 381 2562 hoc,
404 2480 548 2545 an'illud
567 2481 775 2568 accipiamus.
818 2480 907 2546 Haeo
930 2481 1108 2546 voluntatis
1123 2487 1219 2550 notio

165 2569 285 2636 iamin
308 2565 513 2656 etymologia
534 2564 711 2629 vorborum
735 2563 802 2640 cel,
827 2565 910 2630 velle
934 2578 1085 2653 apparet.
1129 2567 1220 2636 Nece

165 2655 268 2740 igitur
283 2662 391 2729 cavet,
406 2673 447 2717 ne
463 2675 514 2716 res
529 2651 605 2726 fiat,
625 2653 694 2714 sivo
709 2649 798 2714 laaoo.
815 2649 883 2714 sive
899 2651 1035 2716 alteram
1056 2653 1090 2715 in
1106 2666 1219 2720 menta

167 2751 223 2806 aut
250 2737 420 2805 voluntate
440 2737 577 2802 habeas.
629 2733 801 2802 Diflarunt
823 2746 932 2800 autem
955 2760 1061 2824 neque
1084 2747 1117 2802 et
1138 2761 1220 2806 aeuo

67 2857 69 2867 Α
166 2847 236 2892 non
252 2825 408 2890 modoea
426 2825 477 2903 vi,
503 2845 568 2910 qua
587 2843 624 2886 ce
642 2821 721 2888 duaa
736 2819 892 2908 pluresve
905 2843 957 2888 res
976 2826 1044 2889 sive
1065 2825 1219 2891 notiones
1250 2881 1252 2886 ,

168 2912 332 2978 adunam
355 2909 523 2974 rationem
553 2907 671 2972 relatos
703 2907 892 2996 distinguit,
930 2931 993 2997 quc
1022 2910 1220 2998 simpliciter

167 2997 361 3062 coniunctas
378 2994 419 3063 ad
436 3013 538 3066 unam
556 2994 722 3059 rationem
739 2991 851 3070 refert,
866 2993 920 3059 sed
938 2995 1035 3060 etiam
1052 3019 1104 3074 co,
1126 2997 1219 3082 quod
1254 3071 1255 3076 γ

137 3121 142 3132 ·
166 3083 337 3172 prosaicae
360 3081 521 3150 orationis
544 3088 711 3159 auctores,
733 3079 798 3146 nisi
820 3080 882 3146 alia
900 3081 1049 3146 conditio
1072 3085 1217 3163 accessit,

165 3190 235 3236 non
249 3176 451 3256 usurparunt
467 3187 572 3256 aeque
587 3187 650 3253 pro
666 3176 699 3230 et
716 3187 770 3231 ns.

148 3345 153 3354 Ι
238 3310 240 3318 «
277 3283 693 3340 Mirabilitcrcrmvitcortina
714 3244 1057 3350 commanducati.
1075 3263 1220 3358 alelmi-
1265 3342 1271 3353 ,
1366 3262 1367 3270 .

205 3369 388 3425 dotationem
408 3369 562 3440 particulas
582 3371 785 3425 demonstraret
806 3385 866 3422 esse
888 3376 914 3423 ct
934 3370 1125 3442 accoplnatm
1145 3373 1219 3428 culm
1256 3439 1258 3442 Ι
1293 3369 1298 3390 ’

233 3457 279 3508 ost'
290 3456 394 3511 luctam
413 3463 473 3508 esre
487 3471 597 3508 acosma
611 3473 692 3525 acque
709 3455 799 3509 eiecta
814 3454 910 3510 littora
922 3473 954 3526 q,
974 3453 1090 3526 ideoque
1111 3458 1218 3529 rigalti-

113 3537 115 3540 ’
218 3555 297 3629 Ὶσειτθ
309 3549 336 3596 et
348 3559 410 3594 aoa.
444 3537 500 3594 Sat
513 3539 578 3594 vido
595 3540 735 3596 Kritaium
749 3540 786 3596 ad
800 3541 830 3595 lt.
845 3541 866 3596 l.

140 3719 145 3736 .
248 3698 279 3759 1.
302 3692 651 3780 Negativa'sententia,
677 3713 741 3780 qua
756 3687 976 3770 iubetur,‘ne
993 3689 1072 3778 quid
1092 3680 1216 3762 sinaut
1277 3705 1279 3725 ¹

165 3772 238 3857 liat,
260 3781 328 3845 sive
344 3779 540 3866 imperativo
557 3779 626 3843 sive
642 3780 851 3844 coniunctivo
864 3798 1042 3862 expressa,
1063 3775 1119 3850 ubi
1134 3773 1216 3843 duae
1264 3825 1265 3828 κ

163 3863 212 3928 vel
236 3864 348 3952 plures
374 3862 693 3954 resffsignilic'antur,
716 3864 750 3930 in
775 3865 879 3930 altero
907 3861 1077 3940 membro,
1100 3865 1214 3928 autin

161 3958 306 4038 utroque
321 3945 439 4038 accipit
455 3972 548 4015 nove.
591 3949 640 4016 lta
655 3949 695 4014 fic
709 3973 754 4016 nc
775 3985 819 4004 --
841 3971 922 4015 neve
935 3971 963 4012 s.
980 3968 1064 4024 neu.
1084 3969 1150 4012 nera
1171 3985 1216 3999 -

160 4056 249 4100 acccc.⁴
281 4036 344 4101 Vbi
361 4059 404 4102 ne
418 4071 460 4086 -
476 4036 620 4104 aecsive
636 4057 742 4126 nequo
766 4034 902 4114 dicitur,
926 4055 995 4098 non
1019 4044 1069 4098 est
1086 4033 1191 4099 disiun
1203 4071 1215 4082 -·

130 4187 135 4199 ,
161 4119 241 4205 ctio,
256 4119 314 4190 sad
328 4123 515 4192 annectitur
529 4121 723 4212 alterapars
739 4123 807 4206 uni,
829 4141 914 4210 quae
934 4118 1108 4204 antecedit,
1131 4141 1214 4186 con·
