2894 4716
486 295 490 304 ·
585 387 586 392 Ν
631 272 730 354 urst
1144 291 1210 362 aaa

150 455 272 531 visum
289 435 357 536 est,
376 433 576 547 'usui-pata.
602 437 654 524 Cf.
680 453 770 538 Paul.
792 435 923 522 thit.
949 456 989 522 ad
1012 457 1080 526 Cio.
1099 413 1226 548 Epist.

149 549 380 716 ximat-3331:
398 545 624 715 &bihlgtanuh
646 545 687 610 ad
713 543 843 610 Sallust.
867 541 938 633 lug.
959 547 1011 610 24.
1032 545 1210 614 Drakenb.

151 819 156 828 ⁸
254 759 500 814 TerantsPborm.
516 757 543 826 ⁵,
560 758 587 825 8,
604 755 649 812 69.
665 775 716 828 qao
729 763 808 828 paeto
823 764 868 812 out
890 757 961 810 anda
978 751 1049 810 'bueo
1071 757 1113 811 in'o
1129 761 1209 814 reret·

222 847 286 901 att?
310 861 336 898 1.
351 845 459 900 Nereine
493 846 545 898 atsi
569 861 609 898 nie
624 843 718 898 diriora
735 843 850 907 nemini,
873 843 901 896 tt
915 850 984 896 eerto
999 843 1062 908 aar'o.
1078 842 1104 909 8,
1122 845 1148 910 1,
1163 843 1208 907 lo.

222 930 307 986 Andr.
325 928 353 994 t,
373 929 399 995 1,
415 928 460 984 aa.
477 925 597 993 11114,
613 925 640 994 5,
659 925 703 982 54.
726 927 871 993 1111113,
889 925 916 992 2,
935 926 979 981 31.
1006 927 1064 982 cio.
1083 947 1109 998 p.
1125 932 1207 984 Raso.

222 1017 285 1071 Am.
303 1013 347 1080 35,
364 1013 408 1068 99.
443 1013 491 1067 abi
509 1012 654 1067 Matthiae.
679 1011 791 1066 Tarona.
808 1013 881 1067 Hoc.
898 1012 924 1078 1,
940 1010 966 1078 2,
983 1012 1043 1066 11⁸1.
1061 1017 1124 1084 qaid
1140 1033 1208 1086 ege-

222 1101 278 1154 rint
294 1099 361 1151 inter
374 1116 409 1164 ee,
425 1100 541 1151 nondam
557 1098 637 1152 etiam
658 1097 727 1151 aeia:
752 1097 812 1158 atri,
824 1113 887 1149 eane
908 1114 988 1152 aurae
1011 1106 1064 1164 eet,
1086 1119 1208 1170 quartur·
1245 1104 1249 1109 ’

222 1192 370 1238 eventuram
384 1183 432 1236 boe
445 1182 503 1234 etet.
521 1181 542 1234 i.
557 1201 583 1251 q.
600 1183 647 1236 sed
662 1189 727 1235 tane
742 1199 825 1234 ouran
847 1187 897 1234 eat.
932 1180 1044 1236 Terent.
1063 1183 1164 1242 fleant.
1180 1185 1207 1256 4,

221 1269 249 1334 2,
269 1265 312 1321 45.
329 1267 429 1320 nescio:
445 1265 498 1320 1ἰεί
511 1285 541 1320 ea
555 1267 614 1338 ipra
628 1283 756 1336 quaerar,
771 1267 841 1319 ande
857 1267 926 1320 buno
947 1267 1075 1320 habuerit.

149 1423 152 1430 ·
242 1397 295 1461 17.
336 1391 374 1456 ln
401 1391 523 1464 verbis,
541 1391 612 1456 uiri
636 1390 743 1480 qrrad,
783 1389 854 1455 nini
884 1390 966 1477 quain
1003 1391 1207 1480 explicandit

156 1476 368 1568 grammatici
401 1487 457 1542 aut
493 1477 649 1542 tenebant
681 1476 1001 1564 interpretationem,
1036 1489 1207 1565 tamquam

155 1587 193 1628 ea
214 1561 437 1650 significarent
461 1559 578 1652 auster
597 1559 687 1652 dastr,
710 1573 767 1650 aut
793 1560 961 1627 machinas
987 1561 1207 1630 admovebant

157 1651 259 1714 nimis
291 1647 499 1730 artificiosas,
543 1659 596 1727 ut,
636 1670 720 1736 quae
746 1669 919 1736 suppressa
953 1649 1143 1715 viderentur
1171 1653 1207 1716 in

157 1736 324 1815 oratione,
354 1731 523 1800 eruerent:
556 1757 631 1798 nam
668 1733 771 1796 modo
804 1743 879 1798 ante
899 1735 1096 1821 particulam
1124 1737 1206 1814 nui,

154 1820 260 1906 modo
294 1831 375 1908 post
409 1841 482 1886 eam
515 1821 670 1884 omissam
707 1841 773 1883 esse
804 1821 998 1884 sententiam
1041 1821 1206 1887 dicebant.

155 1905 332 1971 Waiebius
355 1907 390 1968 in
413 1905 484 1971 nisi
509 1905 598 1992 quod
630 1904 797 1968 substituit
816 1905 886 1970 niar'
902 1905 992 1993 quod
1008 1907 1081 1972 dici
1092 1919 1206 1993 pateat

94 2058 101 2066 .
140 1992 228 2060 ¹eive
258 1991 442 2056 dicendum
465 2003 532 2056 eat:
555 1989 695 2055 Rothius
721 2001 830 2054 autem
854 1994 1049 2078 atticumque
1070 2007 1206 2058 senten·-

155 2079 221 2142 tiae
246 2078 342 2142 oliam
371 2075 855 2163 accommodataupplendam.
901 2077 1122 2143 schwartzius
1137 2079 1206 2144 nisi

155 2185 222 2252 pro
238 2164 308 2228 aest
328 2163 488 2250 accipiens
505 2163 655 2227 substitui
670 2163 764 2232 iussit
781 2163 981 2228 contrariam
998 2167 1207 2245 sententiam,

113 2304 117 2310 .
152 2259 194 2312 ut
217 2249 288 2314 nisi
308 2248 398 2336 qrrod
427 2259 543 2313 tamen
572 2257 656 2312 esset
676 2269 739 2336 pro
766 2259 1008 2314 verumtamen.
1058 2251 1101 2314 At
1122 2272 1207 2336 quaa

154 2334 373 2422 suppleantur
405 2333 648 2420 simplicissima
683 2355 753 2397 ease
782 2333 920 2413 debent,
956 2345 988 2398 et
1016 2346 1096 2399 sunt
1128 2337 1206 2421 qui-

160 2419 249 2484 dem.
295 2419 398 2484 Verba
416 2420 504 2484 enim
528 2420 598 2484 nisi
620 2418 709 2506 qrroct
731 2430 935 2484 contractam
959 2421 992 2484 in
1026 2443 1060 2484 se
1083 2419 1207 2486 habent
1248 2433 1252 2442 '

160 2503 248 2570 hano
272 2505 487 2570 sententiamz
506 2529 575 2570 nan
601 2516 661 2584 est,
691 2504 723 2568 ai
755 2504 926 2593 estquod,
963 2506 1031 2568 sire
1050 2529 1117 2570 non
1143 2519 1205 2584 eat,

151 2591 189 2656 'ei
209 2591 248 2656 in
272 2589 582 2656 considerationem
606 2589 696 2654 venit
720 2588 818 2676 quod.
877 2591 956 2654 Cio.
971 2591 1011 2654 ad
1038 2591 1129 2655 Fam.
1154 2597 1206 2674 18,

158 2683 189 2758 1,
211 2681 242 2742 5.
273 2699 350 2740 cum
387 2677 540 2741 Patrone
565 2674 737 2762 Epicureo
760 2674 847 2738 milei
876 2675 995 2740 omnia
1024 2687 1114 2756 aunt,
1136 2677 1206 2742 niae

156 2761 248 2850 qaod
272 2763 311 2828 in
331 2761 553 2850 philosophia
580 2763 788 2830 uehementer
809 2757 852 2824 ab
876 2783 914 2825 eo
940 2761 1152 2826 niteremini.
1177 2783 1206 2829 e.

156 2847 215 2912 aed
240 2858 419 2928 nunaunt,
441 2851 468 2912 si
493 2857 613 2936 reputo
639 2845 730 2933 quod
751 2855 813 2911 etc.
857 2845 964 2910 Tacit.
989 2847 1076 2911 Anu.
1104 2854 1132 2922 13
1152 2853 1206 2913 33.

156 2935 237 3020 ipra
253 2934 454 3021 Agrippina
463 2933 587 3020 paullo
603 2932 812 3006 coarmatior,
833 2932 902 2996 aiei
929 2931 1019 3019 quod
1041 2933 1206 2999 castitate

157 3030 192 3085 et
210 3020 332 3084 mariti
356 3041 473 3084 amore
498 3018 650 3106 quamvis
675 3017 881 3086 indomitum
903 3019 1058 3081 animum
1080 3019 1118 3084 in
1144 3018 1207 3084 Iro-⁴

158 3125 240 3170 num
257 3101 416 3170 uertebat.
437 3105 578 3192 Supplet
596 3104 787 3168 Waitherus
804 3125 877 3167 eum
901 3097 1045 3168 Rotbio:
1067 3104 1125 3168 illo
1150 3107 1207 3168 in-

182 3191 256 3253 enio
298 3213 340 3255 ne
393 3191 499 3276 ipsam
549 3189 684 3276 quidem
729 3189 843 3275 eulpae
880 3193 1050 3275 expertem
1085 3189 1204 3256 fuisse:

155 3213 325 3342 brunias:
350 3297 434 3361 quae
454 3297 506 3340 rea
528 3297 597 3340 non
619 3283 754 3362 poterat
775 3296 844 3338 non
868 3275 1027 3339 damnosa
1044 3273 1126 3354 fieri,
1141 3277 1206 3342 nisi

156 3361 324 3426 salubrem
350 3361 626 3448 temperationem
651 3359 716 3424 hoo
740 3360 859 3432 attulit,
884 3359 985 3445 quod.
1036 3359 1207 3426 Falluntur

155 3469 294 3512 omnes:
320 3469 398 3526 narn
415 3446 656 3533 simplicissima
671 3456 721 3511 est
741 3446 826 3510 ratio
854 3444 952 3515 haec:
1003 3445 1206 3534 Agrippina

149 3533 276 3620 paullo
298 3533 508 3608 commotior,
533 3533 588 3598 red
613 3555 683 3597 non
706 3540 774 3596 erat
796 3537 878 3611 (non
903 3532 948 3596 ita
972 3531 1150 3614 dieamus),
1175 3532 1207 3597 si

156 3629 227 3682 erat
248 3618 287 3698 (si
303 3625 510 3704 reputamus)
531 3617 629 3706 quand.
672 3617 787 3704 Neque
810 3617 903 3682 aliter
922 3617 992 3682 niai
1012 3617 1103 3705 quia.
1133 3617 1206 3680 Sal·

155 3703 234 3769 lust.
263 3704 356 3768 Orat.
380 3704 483 3768 Licin.
505 3708 537 3768 6.
557 3725 657 3791 quom
679 3703 819 3770 interim
839 3723 933 3767 mare
958 3723 1119 3788 pecorum
1149 3724 1206 3766 voa

155 3788 343 3854 multitudo
375 3789 531 3878 singulin-
560 3785 733 3854 tabefactos
764 3787 1011 3887 srrrendoaque·
1029 3783 1206 3884 praebetis

157 3874 255 3940 erati
274 3873 440 3958 omnibns,
464 3895 550 3961 quae
569 3875 718 3938 maiores
739 3875 920 3962 rebquere:
939 3893 1010 3936 nese
1039 3891 1121 3956 quan
1146 3895 1206 3937 ao·
1295 3895 1299 3904 ·

155 3957 280 4024 biamet
307 3959 392 4048 ipaia
415 3983 484 4060 per
509 3959 700 4052 arrffiagia,
731 3960 783 4024 uti
799 3955 981 4048 praesidet
1002 3955 1096 4038 otim,
1115 3979 1206 4022 nuno

147 4045 317 4110 'dominor
342 4045 535 4111 destruatis.
576 4045 640 4110 hoo
659 4055 723 4109 este
746 4064 817 4110 non
840 4062 898 4108 vos
924 4039 1082 4106 fruendos
1109 4065 1206 4129 prae·

155 4130 261 4218 betia,
284 4132 314 4197 ai
334 4141 394 4217 eat,
417 4133 494 4222 quia
515 4131 610 4201 vobio
632 4131 787 4198 dominor
801 4127 988 4196 tattaeus.
1029 4125 1137 4219 atqua
1152 4129 1205 4196 hia
