2894 4716
624 271 724 386 nnn
756 239 767 266 ⁶
1119 277 1191 342 eri.

227 449 283 510 12.v
323 441 372 506 Ec
395 439 460 521 vis,
473 459 568 526 quoe,
596 448 635 505 ut
662 461 734 508 non
763 439 865 508 semel
892 439 972 520 dixi,
1008 443 1193 510 sententiae*

137 529 331 620 primariae,
358 524 417 590 nbi
446 525 518 590 nini
549 527 712 591 antecedit
743 527 779 592 in
809 527 909 592 alteru
938 537 1042 614 purte,
1082 529 1192 594 maior

137 617 311 703 competit,
344 621 482 698 nugetur
507 611 606 678 etiem
635 610 768 678 adiectis
792 611 960 679 vocubulis
984 624 1084 690 certe,
1099 637 1191 704 pro·

128 701 238 794 secto,
267 696 409 764 scilicet.
966 733 970 748 ι

242 839 301 894 cio.
319 857 345 908 p.
363 840 472 892 cluent.
494 835 545 900 or,
566 836 627 893 139.
653 837 722 907 quod
746 838 800 892 nini
816 845 889 904 met,
906 845 974 893 certe
989 841 1080 908 poena
1095 837 1190 908 depre-

204 927 287 979 benrn
304 942 339 990 re,
358 943 409 978 non
428 925 477 978 itta
491 930 522 974 nt
541 923 576 974 ob
593 923 710 996 improbo
727 923 969 990 otro-omniun,
983 923 1029 978 ord
1048 927 1076 976 ut
1096 937 1190 976 norn-

200 1010 338 1064 'delieeinro
355 1011 427 1064 boote
439 1007 566 1079 fugitent.

241 1149 298 1202 Cic.
317 1151 352 1204 ed
369 1150 424 1204 tte.
442 1145 470 1213 4,
490 1145 515 1198 1.
533 1144 584 1198 niei
599 1145 678 1200 otiorn
693 1149 890 1218 praetermissor
908 1126 1015 1217 fructur
1037 1153 1100 1200 tuce
1121 1162 1188 1198 eno·

204 1235 292 1287 citctie
310 1235 395 1287 omnir
413 1249 531 1303 exegero,
550 1233 665 1300 projecto
684 1234 733 1285 bne
751 1233 908 1286 restitutione
919 1238 1048 1301 fortunae
1075 1247 1116 1282 rne
1132 1230 1188 1300 ipre

203 1335 257 1372 non
274 1321 339 1372 rotie
354 1319 467 1388 dignum
484 1316 614 1370 iudicabo.
647 1316 682 1368 de
701 1317 762 1370 Inr.
779 1317 805 1382 1,
824 1317 869 1383 31,
884 1315 928 1370 52.
960 1315 1020 1370 nte.
1036 1313 1082 1378 21,
1101 1313 1144 1381 41,
1161 1312 1188 1367 Β.

202 1419 279 1473 poem
295 1403 346 1455 uiri
360 1401 530 1472 eoguntinum
543 1403 626 1454 ecetne
641 1401 765 1470 agitent,
791 1403 928 1472 respiceret
947 1404 1074 1471 profecto,
1095 1402 1119 1454 ei
1136 1417 1189 1453 non

202 1487 322 1557 putrium
339 1489 442 1551 victoni,
459 1487 563 1540 domurn
579 1493 647 1539 certe
661 1493 825 1555 putremque.

239 1613 330 1667 Tacit.
350 1611 418 1664 dnn.
441 1609 475 1678 ὃ,
501 1611 545 1664 54.
575 1613 626 1666 nini
646 1613 839 1684 provinciarum
868 1611 958 1680 copiae
973 1613 1000 1663 et
1022 1607 1137 1662 dominic
1159 1613 1187 1664 n

118 1689 123 1708 ⁸
203 1698 316 1752 eeruitiie
336 1703 362 1750 et
379 1696 455 1766 ogrie
474 1699 645 1766 subvenerint,
662 1705 752 1752 nostro
768 1713 814 1750 noo
829 1696 924 1749 scilicet
942 1709 1049 1748 nemora
1065 1699 1186 1748 nostroe·-

202 1800 252 1852 qne
271 1783 349 1835 vittae
368 1783 533 1835 tuebuntur?

223 1912 273 1972 13.
304 1906 368 1970 Sed
385 1906 449 1970 ium
472 1905 512 1970 de
530 1903 568 1969 iis
593 1905 830 1994 exponendum
847 1913 907 1983 est,
923 1902 958 1968 in
981 1903 1101 1992 quibus
1122 1901 1187 1968 alin

133 1993 294 2062 vocabule
316 2013 392 2057 cum
410 1991 472 2058 hcc
493 1993 652 2080 particule
669 1991 825 2078 coniungi
841 1989 963 2069 solent.

222 2125 300 2192 Nini
312 2127 424 2219 sorte,
456 2127 600 2193 formula
633 2127 788 2196 ¹omnibus
820 2123 1028 2210 temporibus
1058 2124 1185 2202 usitntn,

133 2211 304 2298 duplicem
328 2213 428 2277 hebet
447 2235 556 2278 nsum.
588 2215 651 2276 Ant
674 2213 761 2276 enim
783 2235 854 2276 enm
871 2210 1079 2287 sententium,
1102 2231 1186 2294 quee
1254 2283 1255 2286 Ἴ

134 2298 299 2364 affirmata
325 2299 494 2377 antecedit,
516 2299 658 2363 fortuito
678 2320 715 2360 re
740 2298 918 2374 interiecto,
940 2295 991 2361 vel
1012 2293 1185 2379 mitigandi

133 2383 188 2448 vel
216 2384 384 2449 dubitandi
419 2407 531 2449 censen
561 2393 691 2448 coercet
720 2391 751 2447 et
784 2384 925 2468 aliquem
957 2381 1025 2446 eine
1054 2391 1185 2466 purtem

66 2505 75 2526 s
135 2469 332 2556 excipiendo
358 2470 454 2548 tollit,
477 2481 532 2534 ent
555 2491 617 2557 per
638 2469 778 2533 ironiam
804 2468 901 2546 dicto,
933 2485 1037 2551 quum
1062 2465 1183 2528 condi-

113 2555 266 2634 tionalis
299 2557 457 2620 sententia
490 2578 560 2619 non
596 2575 731 2644 prorsus
766 2554 877 2630 voleat,
916 2551 972 2614 sed
995 2558 1125 2613 tuntum
1148 2549 1185 2614 in

131 2640 279 2728 speciem
302 2643 445 2706 veritatis
471 2640 716 2728 pronuntietur,
742 2637 918 2702 confirmat
941 2633 1068 2720 perid,
1091 2633 1184 2718 quod

132 2725 219 2792 fuleo
243 2730 379 2795 nomine
402 2728 598 2814 opponitur,
627 2725 817 2814 primariam
850 2721 1057 2786 sententiam.
1101 2718 1185 2782 Vide

133 2811 237 2876 Tom.
261 2817 293 2876 2.
317 2836 350 2899 p.
374 2819 449 2888 737.
502 2811 630 2875 ironice
662 2812 755 2875 locus
789 2819 838 2874 est
859 2808 1002 2871 maximo
1023 2804 1058 2868 in
1076 2825 1184 2888 nege·

132 2899 236 2976 tione,
260 2919 342 2984 quoe
370 2898 606 2962 dissimulando
630 2897 774 2983 opponit
797 2917 868 2959 rem
898 2915 966 2956 non
997 2913 1108 2958 verum
1129 2899 1185 2954 urit

134 3005 334 3072 perversum,
361 2985 429 3049 Cic.
454 2972 494 3048 de
522 2985 597 3046 Sen.
627 2987 680 3048 33.
706 2981 849 3068 deniqne
869 2979 934 3042 into
954 2975 1044 3040 ⁴bono
1073 2989 1184 3054 utere,

134 3069 218 3134 dnm
239 3069 355 3134 ncleitr'
373 3091 476 3156 qunm
498 3067 599 3144 obsit,
622 3091 664 3137 ne
685 3069 860 3154 requiror:
890 3063 961 3130 nisi
973 3059 1071 3150 sorte
1094 3061 1184 3126 odo-

133 3156 295 3220 lescentee
321 3155 525 3240 pitanitium,
549 3153 710 3239 paullum
747 3163 862 3217 aetate
889 3146 1184 3296 propresei'ado-
1257 3151 1258 3158 ’

133 3241 336 3308 leccentiom
360 3239 479 3304 debent
493 3239 673 3324 requirere.
695 3239 790 3301 ”Hoc
816 3248 889 3307 este
906 3235 950 3298 sci
968 3236 1029 3298 icet
1046 3255 1117 3296 non
1138 3233 1183 3296 ita

133 3349 169 3392 ee
193 3325 304 3404 hebet,
325 3326 352 3390 si
371 3325 459 3389 forte
476 3345 516 3384 .-‘-
532 3323 653 3387 debent
671 3324 845 3405 requirere.
889 3321 925 3386 ln
947 3319 1011 3395 his,
1035 3318 1098 3382 nisi
1122 3318 1183 3382 clio

133 3433 248 3478 caussa
270 3410 403 3489 accedit,
436 3433 520 3497 quae
547 3411 791 3490 coniunctivum
827 3405 952 3483 efferat,
985 3405 1025 3470 nb
1050 3403 1181 3485 optimo

133 3517 268 3584 quoqne
291 3491 461 3581 scriptore
476 3496 663 3560 indicativus
685 3495 837 3582 ponitur:
881 3493 972 3556 cuiue
997 3487 1183 3576 explicandi
1228 3567 1230 3574 γ
1253 3509 1256 3512 ·

131 3583 296 3650 rationem
315 3580 527 3646 Gernhnrdus
546 3582 580 3645 in
604 3603 643 3648 eo
663 3582 824 3644 invenisse
847 3578 908 3643 sibi
929 3577 1068 3650 videtur,
1091 3571 1183 3658 quod

132 3668 362 3736 coniunctivus
382 3667 508 3732 ironiae
534 3666 598 3732 vim
619 3667 731 3729 tollat:
753 3677 861 3730 temen
882 3686 957 3728 eum
978 3671 1064 3726 recte
1089 3658 1200 3744 poni„

131 3755 192 3820 ubi
206 3777 271 3835 res,
294 3752 414 3837 deque
430 3752 554 3834 ironice
570 3751 747 3826 dubitetur,
764 3751 950 3815 adiunctum
967 3745 1084 3810 hebent
1100 3764 1181 3806 con-

132 3839 308 3906 ditionem.
335 3839 452 3903 Gracci
469 3837 580 3902 dicunt
594 3839 621 3902 ri
641 3838 693 3920 μὴ,
716 3837 743 3900 εἰ
757 3833 798 3919 μή
813 3835 891 3919 ἄρα.
915 3833 994 3897 Vide
1010 3828 1182 3892 Bremium

131 3926 290 4003 inlibro,
319 3923 375 4008 qui
404 3924 580 4010 inscriptus
611 3935 677 3990 estc
713 3919 966 4008 Plrilologioelre
992 3914 1210 4000 Betrraege
1248 3927 1249 3930 ’
1339 3926 1342 3933 ·

133 4033 198 4078 cue
230 4009 293 4076 der
315 4009 466 4075 Scloweiz
500 4032 535 4096 p.
561 4011 633 4076 181.
684 4006 813 4075 Eodem
840 4004 943 4074 modo
971 4001 1183 4070 etiamnum-

132 4097 215 4188 plex⁴
237 4095 309 4164 uici
328 4105 531 4186 neurpctnr..
578 4128 580 4137 v
